2002 3250
299 238 385 283 170
737 250 780 282 c.
814 232 1018 282 anLun
1055 248 1347 282 PA‘rnncUm

300 350 504 403 ceperat3
537 346 700 390 Brutus
721 345 908 403 Lyciosg
925 345 1180 400 devicerat3
1211 349 1256 389 et
1281 345 1383 389 inde
1401 345 1446 388 in
1469 345 1786 391 Macedoniam

299 416 526 459 exercitus
565 415 859 472 trajecerant:
899 428 1001 457 cum
1033 428 1114 470 per
1142 415 1294 458 omnia
1327 428 1581 471 repugnans
1612 419 1786 460 naturae

301 498 398 528 suae
418 483 625 537 Cassius,
648 484 784 527 etiam
800 482 929 527 Bruti
961 483 1241 526 clementiam
1259 485 1466 528 vinceret.
1526 485 1691 541 Neque
1718 498 1788 528 re-

298 554 467 610 perias,
487 567 602 610 quos
639 556 715 596 aut
746 553 933 608 pronior
966 551 1172 595 Fortuna
1210 554 1423 597 comitata
1456 554 1528 606 sit,
1552 558 1632 597 aut
1650 554 1789 598 veluti

299 622 483 678 fatigata
500 622 716 664 maturius
736 621 1018 673 destituerit‚⁹
1037 634 1172 677 quam
1194 622 1383 665 Brutum
1405 625 1452 665 et
1472 621 1703 666 Cassium.

336 733 338 735 ,
357 693 432 734 70.
463 691 580 734 Tum
601 690 760 734 Caesar
778 695 826 734 et
844 689 1073 734 Antonius
1093 690 1361 747 trajecerunt
1379 692 1601 734 exercitus
1616 692 1664 734 in
1687 690 1788 734 Ma—

301 759 550 812 cedoniam,
567 762 613 802 et
632 759 756 815 apud
776 760 929 802 urbem
950 757 1212 815 Philipposh
1234 774 1338 802 cum
1356 760 1420 802 M.
1440 761 1584 804 Bruto
1605 760 1787 803 Cassio-

300 843 386 885 que
406 831 505 872 acie
525 833 852 872 concurrerunt.
912 828 1077 882 Cornu,
1099 828 1188 872 cuii
1214 830 1380 874 Brutus
1399 835 1610 887 praeerat,
1627 830 1789 886 impul-

300 899 365 942 sis
383 899 601 950 hostibuS,
616 903 766 942 castra
785 897 985 941 Caesaris
1006 899 1141 953 cepit.
1173 898 1296 942 Nam
1314 899 1413 954 ipse
1429 899 1598 950 Caesar,
1613 899 1791 942 etiamsi

275 1027 277 1030 Ι
298 969 630 1012 infirmissimus
660 967 917 1011 valetudine
952 970 1062 1019 erat,
1090 967 1249 1010 obibat
1277 969 1433 1010 munia
1466 968 1614 1020 ducis,
1639 970 1790 1010 oratus

298 1038 431 1081 etiam
465 1038 523 1080 ab
556 1035 740 1079 Artorio
766 1036 959 1088 medico,
983 1049 1039 1078 ne
1070 1036 1120 1078 in
1159 1035 1321 1079 castris
1360 1039 1622 1088 remaneret,
1647 1035 1789 1078 mani-

296 1106 431 1150 festa⁹
451 1103 796 1149 denuntiationek
815 1105 984 1161 quietis
1006 1106 1186 1148 territo!
1227 1105 1284 1147 Id
1305 1109 1472 1157 autem,
1492 1105 1542 1147 in
1562 1116 1654 1160 quo
1675 1103 1789 1149 Cas-

300 1175 394 1217 sius
412 1175 575 1227 fuerat,
592 1175 793 1228 fugatum
814 1187 868 1216 ac
890 1174 1005 1216 male
1025 1173 1325 1226 mulcatum,¹0
1345 1173 1391 1215 in
1421 1173 1581 1216 altiora
1610 1177 1692 1215 se¹¹
1724 1185 1791 1214 re-

299 1247 481 1299 ceperat
500 1244 617 1287 loca.
645 1243 765 1287 Tum
785 1241 979 1286 Cassius
1000 1256 1061 1286 ex
1083 1255 1167 1286 sua
1184 1242 1362 1286 fortuna
1381 1245 1586 1287 eventum
1601 1241 1788 1296 collegae

343 1397 359 1419 ‘1
373 1391 492 1466 liveque
510 1391 664 1434 invenias,
683 1390 795 1434 quibus
807 1391 945 1432 fortuna
967 1390 1214 1434 magisfoverit,
1228 1393 1283 1423 aut
1298 1399 1375 1432 quos
1388 1388 1487 1422 citius
1500 1390 1651 1431 tanquam
1667 1386 1789 1427 defessa

299 1436 372 1500 dece
381 1439 615 1516 ggffitedicus
628 1478 883 1519 territusfuerat
896 1478 1064 1519 manffesto
1078 1478 1199 1511 monitu
1212 1477 1335 1511 somnii
1347 1477 1382 1510 in
1396 1476 1514 1520 quiete.

923 1574 945 1586 O

1143 1574 1163 1586 O

301 1643 366 1676 nisi
382 1642 427 1675 de
442 1643 518 1675 loco
533 1652 609 1683 suo,
624 1645 706 1675 ante
722 1651 814 1684 aquo,
828 1644 868 1674 ut
884 1641 1045 1674 Grunero
1061 1640 1207 1683 placuit,
1223 1633 1356 1676 motum
1373 1642 1503 1672 esu—9
1518 1639 1576 1671 Ita
1591 1637 1791 1672 emendavit

303 1686 424 1719 Heius.
446 1685 639 1727 recipiente
666 1685 850 1717 Ruhnken.
895 1685 961 1717 Ed.
989 1695 1041 1727 pr.
1067 1685 1338 1726 manifeste.——10
1359 1683 1418 1716 Ita
1445 1683 1597 1716 Putean.
1645 1683 1712 1715 Ed.¹
1738 1692 1791 1724 pr.

302 1730 415 1774 Lugd.
429 1730 511 1763 Bat.
526 1733 560 1763 2.
588 1734 624 1762 et
639 1730 684 1762 al.
710 1729 979 1762 multatum—11
1005 1728 1061 1772 Se,
1083 1728 1176 1772 quod
1193 1728 1228 1761 in
1243 1727 1309 1761 Ed.
1324 1737 1377 1771 pr.
1393 1726 1529 1770 aberat,
1551 1725 1707 1759 restituit
1722 1725 1789 1759 Ed.

971 1861 1120 1896 NOTAE

344 1955 361 1979 ε
383 1949 513 1993 Lycios]
537 1949 631 1983 Asiae
659 1950 800 1983 minoris
827 1950 974 1994 populos
1001 1961 1022 1984 a

301 2003 422 2046 Lycia,
445 2012 523 2046 quae
549 2012 641 2036 nunc
667 2002 824 2036 Aidineui
848 2009 1018 2037 vocatur:

299 2054 491 2100 subestque
503 2054 655 2087 dominio
667 2055 861 2088 Turcarum
876 2065 897 2088 a
909 2056 1020 2088 tribus

300 2106 446 2147 saeculis,
462 2111 500 2140 et
523 2110 577 2139 est
601 2105 816 2139 Caramaniae
842 2105 914 2139 late
929 2115 1019 2140 sum·

301 2162 348 2192 tae
365 2167 460 2201 pars.

344 2208 361 2231 ¹·
383 2210 431 2242 Et
445 2209 531 2251 opud
544 2207 654 2241 urbem
676 2208 858 2252 Philippos]
893 2210 1020 2253 Dupli-

300 2271 361 2308 ces
385 2261 543 2303 Philippi
567 2259 724 2294 fuerunt.
767 2261 841 2295 Alii
862 2262 899 2295 in
912 2263 1023 2302 Thes÷

302 2313 388 2346 salia
402 2312 446 2345 ad
472 2313 630 2345 Peneum
646 2311 803 2355 fluvium,
824 2313 884 2347 ubi
906 2313 1020 2347 victus

301 2368 358 2397 est
373 2363 573 2405 Pompeius.
618 2362 692 2395 Alii
707 2364 741 2396 in
763 2368 920 2398 extrema
943 2365 1021 2398 Ma-

303 2413 462 2455 cedonia,
478 2414 513 2446 in
531 2413 678 2446 confinio
693 2415 852 2449 Thraciae
875 2416 920 2449 ad
936 2416 1022 2450 Hae-

301 2475 396 2499 mum
410 2468 577 2506 montem,
595 2468 632 2497 et
648 2464 692 2498 ad
715 2465 935 2508 Strymonem
958 2465 1022 2500 flu·

301 2517 477 2559 vium‚ubi
486 2517 572 2550 victi
583 2521 664 2550 sunt
676 2518 815 2551 Cassius
827 2523 864 2552 et
876 2520 1020 2553 Brutus.

303 2568 398 2604 Hinc
414 2569 554 2603 Florum
570 2569 724 2611 corrige,
737 2570 797 2612 qui
810 2571 968 2604 cassium
984 2575 1022 2605 et

302 2621 453 2654 Brutum
468 2629 621 2660 arenam,
633 2630 709 2662 quae
727 2620 834 2654 Cnaeo
849 2622 1022 2664 Pompeio

303 2672 422 2706 fatalis
437 2670 518 2713 fuit,
545 2671 715 2705 insedisse
730 2672 883 2715 scripsit.
928 2674 1022 2706 Hinc

304 2723 443 2765 explica
471 2732 610 2766 quoque
639 2722 780 2768 Virgilii
808 2724 934 2767 locum,
963 2725 1023 2768 qui

303 2775 503 2808 intellectus
519 2774 608 2807 male
625 2774 816 2817 Lucanum,
837 2779 874 2808 et
889 2776 1023 2819 aliquot

301 2826 391 2861 ,alios
419 2824 564 2868 poetas,
593 2825 734 2868 impulit
772 2825 808 2858 in
845 2836 1021 2860 errorem:

306 2879 316 2898 ‘
331 2877 407 2912 Nec
433 2875 500 2909 fuit
528 2875 706 2923 indignum
724 2876 860 2921 superis
879 2877 931 2911 bis
948 2887 1023 2922 san-

1075 1952 1178 1995 gnine
1194 1955 1312 1985 nostro
1326 1949 1547 1990 aemathiam,
1559 1951 1596 1981 et
1605 1948 1695 1980 latos
1710 1946 1794 1980 Hae-

1074 2004 1122 2036 mi
1148 2004 1379 2046 pinguescere
1406 1999 1568 2043 campos!
1615 1999 1707 2032 Nam
1733 1998 1793 2031 ΙΕ-

1074 2055 1207 2090 mathia
1226 2053 1280 2097 (id
1297 2057 1353 2086 est
1377 2049 1602 2093 Macedonia)
1630 2059 1723 2083 vere.
1738 2049 1792 2082 bis

1074 2106 1236 2139 Romano
1261 2104 1427 2147 sanguine
1449 2102 1595 2144 maduit,
1610 2103 1723 2135 Bruto
1739 2101 1790 2134 n’r-

1073 2158 1198 2190 mirum
1215 2160 1296 2200 post
1311 2165 1440 2199 paucos
1462 2155 1536 2188 dies
1549 2155 1794 2197 (numerantur

1074 2209 1199 2252 viginti
1214 2207 1300 2252 duo)
1319 2208 1436 2241 'altero
1462 2206 1588 2249 praelio
1614 2205 1710 2238 victo
1732 2204 1795 2248 ibi,

1074 2260 1135 2294 ubi
1150 2264 1255 2293 antea
1269 2268 1349 2292 cum
1365 2258 1488 2292 Cassio
1503 2257 1646 2299 fugatus
1661 2255 1796 2290 fuerat.

1119 2310 1128 2333 ¹
1152 2313 1271 2352 Cornu,
1285 2311 1349 2352 oui,
1361 2309 1434 2351 ξω]
1458 2308 1501 2341 In
1526 2307 1649 2351 praelio
1664 2316 1796 2340 cornua

1075 2363 1239 2397 dicuntur
1255 2361 1344 2395 aciei
1359 2364 1478 2403 partes
1494 2360 1529 2392 in
1545 2368 1676 2392 morem
1693 2365 1795 2391 arcus

1075 2415 1120 2448 ab
1137 2419 1288 2457 utroque
1302 2414 1413 2446 latere
1429 2411 1680 2454 prominentes.
1704 2409 1793 2444 Qua:

1074 2466 1160 2499 item
1176 2469 1308 2508 partes,
1322 2473 1402 2497 cum
1417 2466 1513 2495 stant
1528 2461 1710 2503 deinceps,
1721 2459 1795 2493 sive

1075 2525 1183 2559 super
1196 2515 1318 2548 eadem
1332 2514 1434 2555 linea,
1449 2516 1616 2546 vocantur
1638 2511 1716 2545 alae.
1749 2511 1795 2557 In

1075 2567 1232 2602 exercitu
1253 2570 1372 2599 autem
1388 2565 1514 2598 dextra
1528 2568 1566 2597 et
1579 2563 1723 2596 sinistra
1737 2566 1795 2596 est

1078 2619 1156 2659 ala3
1193 2617 1358 2651 dextrum
1387 2620 1426 2649 et
1455 2615 1634 2648 sinistrum
1671 2623 1794 2658 cornu,

1077 2668 1162 2702 l‘oile
1185 2668 1301 2710 arvite,
1326 2670 1359 2701 et
1384 2665 1472 2700 l'aue
1498 2665 1631 2706 gauche.
1690 2664 1795 2700 Quod

1077 2722 1169 2754 inter
1183 2725 1369 2763 utrumque
1389 2722 1456 2760 est,
1471 2717 1563 2751 acies
1578 2715 1693 2749 media
1708 2715 1794 2750 dici·

1077 2777 1147 2814 tur,
1158 2773 1187 2804 le
1201 2781 1291 2813 corps
1303 2772 1342 2803 de
1358 2770 1496 2803 bataille.

1122 2821 1137 2845 Κ
1160 2821 1428 2863 Denuntiatione]
1453 2815 1496 2852 Id
1512 2823 1580 2860 est,
1598 2818 1732 2853 monitu
1747 2818 1793 2856 de

1080 2873 1248 2917 periculo,
1266 2871 1356 2916 quod
1369 2870 1508 2905 donnino
1525 2869 1779 2914 impendebat..
