2002 3250
334 235 420 280 218

336 343 457 386 niam
477 341 535 385 ad
549 342 714 385 laevam
733 343 777 383 et
795 340 841 382 in
859 339 1019 390 fronte,
1036 338 1312 382 Pannoniam
1330 338 1389 381 ad
1401 338 1616 390 dextram,
1632 351 1662 382 a
1678 342 1806 395 tergo.

338 411 511 454 sedium
531 423 711 453 suarum
738 409 918 451 haberet
938 407 1170 456 NoricoS,¹
1190 411 1398 463 tanquam
1431 407 1476 449 in
1503 420 1656 449 omnes
1689 420 1802 451 sem·-

338 492 416 534 per
434 482 659 530 venturus,
679 478 738 519 ab
769 476 975 519 omnibus
1006 475 1254 518 timebatur.
1314 475 1413 518 Nec
1438 488 1640 518 securam
1659 476 1801 519 incre-

337 549 474 590 menti
509 548 578 590 sui
606 546 854 601 patiebatur
888 556 988 586 esse
1011 543 1190 587 Italiam
1204 545 1233 586 :⁶
1263 545 1431 599 quippe
1451 557 1551 585 cum
1569 556 1597 585 a
1617 545 1803 587 summis

338 616 522 670 Alpium
551 614 688 669 jugis,
723 624 827 667 quae
857 611 988 654 finem
1016 611 1162 654 Italiae
1190 612 1439 663 terminant,
1470 612 1642 654 initium
1669 611 1800 667 ejus¹¹

338 683 491 726 finium
527 681 646 723 haud
680 681 820 723 multo
853 681 958 735 plus
1000 692 1071 722 oo.
1109 680 1305 722 millibus
1338 685 1575 734 passuumy
1606 680 1802 723 abesset.

339 751 475 793 Hunc
505 750 650 793 virum
667 752 711 791 et
737 749 853 791 hanc
886 749 1123 804 regionem,
1148 748 1357 803 proximo
1380 761 1502 789 annov
1527 747 1605 802 [U.
1636 761 1675 790 c.
1698 749 1803 792 1759.

337 832 381 873 p.
403 818 504 860 Chr.
523 832 564 860 n.
578 817 656 871 6.],
676 807 863 861 diversis
883 830 909 859 e
935 818 1152 873 partibus,
1173 816 1244 859 Ti.
1265 815 1417 859 Caesar
1436 816 1618 870 aggredi
1637 816 1803 866 statuit.

339 887 496 929 Sentio
514 886 749 928 Saturnino
768 885 1043 936 mandatum,
1074 887 1123 926 ut
1144 897 1224 939 per
1243 884 1432 935 Οειῐῑοε»,Ζ
1461 884 1640 926 excisis
1661 885 1805 927 conti-

337 954 544 997 nentibus
564 953 807 1010 Hercyniae
830 953 1004 1008 sylviS‚⁶
1022 953 1217 1007 legiones
1239 953 1592 995 Boiohoemum¹²
1605 957 1622 975 ³
1637 951 1707 1008 (id
1738 965 1804 994 re-

338 1023 473 1078 gioni,
494 1035 627 1078 quam
643 1022 871 1065 incolebat
890 1021 1214 1072 Maroboduus,
1234 1033 1394 1063 nomen
1413 1019 1504 1076 est)
1519 1019 1720 1076 (duceret
1729 1017 1807 1075 ;)¹'’

339 1092 441 1147 ipse
473 1104 502 1133 a
532 1091 792 1143 Carnunt0,⁶
812 1091 890 1146 qui
909 1091 1036 1133 locus
1058 1089 1214 1132 Norici
1234 1089 1374 1145 regni²
1394 1089 1626 1144 proximus
1645 1089 1702 1132 ab
1720 1088 1804 1132 hac

772 245 814 276 C.
847 243 1051 275 VELLEH
1086 242 1370 275 PATERcUm

381 1213 397 1234 ⁶
418 1214 487 1247 Nec
498 1213 567 1260 ςὶιιε
580 1214 772 1247 incrementa
786 1214 928 1247 sinebant
944 1214 1076 1247 Italiam
1090 1225 1230 1247 securam
1244 1224 1317 1248 esse.

383 1262 397 1278 ³
418 1257 592 1299 Amputata
605 1259 694 1300 sylva
705 1258 868 1300 Hercynia
882 1258 917 1290 in
933 1258 1014 1291 locis
1027 1259 1190 1299 proximis,

958 1333 1193 1346 eeeeeeeeeee

340 1386 483 1420 verbum
508 1397 603 1428 agere
623 1391 874 1421 recurrat—11
910 1388 967 1421 Ita
995 1389 1062 1422 Ed.
1092 1399 1144 1431 pr.
1174 1388 1260 1421 Cod.
1288 1388 1472 1429 cujum—12
1507 1386 1566 1420 Ita
1592 1386 1711 1420 scribit
1740 1386 1806 1419 Ed.

340 1439 393 1472 pr.
428 1431 581 1463 nonnulli
606 1431 780 1464 Boiemum.
808 1432 944 1465 Cluver.
971 1433 1006 1465 in
1038 1433 1326 1465 Boiohoemum.—l
1364 1432 1478 1464 Deest
1506 1432 1632 1463 duceret
1651 1430 1687 1462 in
1712 1429 1805 1462 Edd.

341 1476 428 1507 vett.
449 1473 512 1506 sed
528 1484 570 1506 ex
584 1475 793 1508 auctoritate
816 1475 926 1517 Lipsii
948 1475 1195 1509 recentioribus
1218 1475 1415 1518 suppletum
1429 1477 1560 1508 est.-2
1583 1474 1722 1507 Cluver.
1736 1473 1806 1515 leg.

1005 1553 1147 1586 NOTAE

384 1619 402 1636 ¹
426 1615 574 1658 Noricos]
606 1616 743 1648 Nomen
770 1618 882 1658 gentis
906 1627 970 1659 pro
994 1627 1047 1650 re·
1102 1617 1289 1650 Castellum
1306 1616 1486 1650 Cattorum
1501 1620 1587 1659 erat,
1611 1615 1713 1649 hodie
1731 1617 1809 1648 Cas-

343 1666 457 1708 gione,
478 1676 555 1708 quae
571 1667 720 1709 Europae
735 1671 801 1709 est,
816 1668 897 1700 alias
914 1667 1048 1709 Illyrici
1101 1668 1156 1701 sel.
1655 1683 1657 1685 ¹

343 1717 580 1750 Occidentalis
595 1727 676 1759 pars
700 1723 800 1751 extra
813 1718 1048 1760 Germaniam,

342 1777 364 1800 a
377 1778 445 1811 qua
455 1768 616 1801 Danubio
628 1768 849 1802 dividebatur
862 1781 873 1810 ;
893 1779 984 1802 nunc
998 1769 1048 1802 in-

341 1823 397 1850 tra
411 1818 610 1852 Germaniae
634 1819 759 1852 limites
784 1824 960 1855 contenta.
1004 1820 1049 1853 In

342 1869 474 1903 Norico
486 1874 567 1903 sunt
575 1869 718 1903 Austria
729 1880 792 1913 pro
802 1871 925 1913 majori
937 1874 1051 1913 parte,

343 1925 382 1954 et
408 1931 528 1955 versus
555 1921 798 1961 Occidentem,
828 1922 945 1955 stiriae
970 1931 1050 1965 pars

344 1973 517 2015 superior,
541 1973 734 2015 Carinthia,
761 1974 922 2007 Carniola
948 1984 1050 2016 supe-

341 2023 424 2065 rior,
437 2023 523 2056 ditio
535 2023 816 2066 Salisburgensis,
830 2025 963 2067 aliquot
975 2025 1052 2057 loca

344 2074 538 2107 Comitatus
564 2075 752 2107 Tirolensis
773 2075 817 2107 ad
837 2076 999 2116 Boream,
1014 2079 1051 2107 et

342 2123 475 2156 minuta
490 2134 569 2166 pars
585 2125 742 2157 Bavariae
754 2124 942 2166 superioris
958 2129 995 2157 et
1007 2124 1050 2157 ad

345 2174 484 2207 Ortum.
505 2176 560 2208 Ex
577 2184 645 2216 quo
657 2176 770 2217 liquet
783 2184 914 2217 errare,
937 2179 967 2211 1.
984 2176 1051 2209 Or-

344 2228 478 2269 telium,
491 2227 549 2270 qui
563 2227 729 2261 Noricum
744 2228 919 2261 Bovarium
933 2229 1051 2271 appel-

344 2280 408 2321 lat,
420 2289 499 2312 eum
514 2278 625 2320 major
646 2279 805 2311 Bavariae
824 2289 904 2321 pars
918 2279 953 2311 in
967 2280 1051 2312 Vin-

345 2330 472 2363 delicia
501 2331 565 2370 sit;
597 2339 698 2373 quem
726 2339 879 2363 errorem
903 2330 1051 2373 Thysius

345 2381 473 2414 erravit
503 2381 676 2414 Ortelium
703 2384 854 2415 secutus.
897 2384 930 2414 2.
953 2381 1051 2424 Illos,

346 2431 405 2475 qui
428 2431 597 2466 Noricum
622 2430 789 2463 Austriam
810 2440 886 2464 esse
910 2436 1052 2467 conten-

346 2482 445 2523 dunt,
454 2481 546 2524 quod
555 2491 624 2514 non
635 2481 702 2514 nisi
712 2481 754 2514 de
767 2482 897 2517 Norico
909 2483 1051 2525 Ripensi

345 2542 466 2565 verum
478 2536 542 2565 est.

389 2588 404 2611 5
434 2583 504 2615 CC.
534 2582 671 2615 millibus
696 2583 859 2625 passuum]
903 2583 1052 2617 Centum

345 2634 466 2666 leucis.

389 2689 404 2705 2
429 2685 475 2717 Ut
494 2694 553 2727 per
580 2685 704 2729 Cattos]
727 2686 924 2720 Germaniae
946 2697 1054 2730 popu-

348 2734 413 2774 los,
429 2735 487 2776 qui
502 2735 586 2767 alias
607 2741 721 2774 erant.
742 2736 801 2772 ubi
816 2746 906 2770 nime
931 2738 1054 2771 Hassis

349 2793 425 2816 cum
446 2789 546 2825 parte
558 2785 760 2828 Thuringiae
774 2791 810 2819 et
822 2787 1053 2821 Brunsvicen-

351 2834 396 2867 sis
417 2835 595 2870 Ducatus:
620 2846 760 2879 quorum
780 2837 862 2872 urbs
890 2839 1054 2882 primaria

1145 1723 1161 1741 ³
1182 1719 1412 1761 Boiohoemum]
1447 1717 1659 1753 Quibusdam
1689 1717 1811 1750 scribi-

1102 1774 1170 1811 tur,
1182 1771 1357 1803 Boiemum.
1402 1769 1529 1811 Ampla
1543 1768 1742 1801 Germaniae
1757 1777 1810 1800 re-

1103 1821 1160 1864 gio
1186 1825 1262 1854 est:
1294 1821 1354 1854 ubi
1378 1820 1525 1863 primum
1551 1819 1632 1851 Boii
1661 1817 1812 1860 fuerunt,

1103 1871 1228 1904 deinde
1243 1871 1494 1917 Marcomanni,
1517 1870 1667 1918 denique
1687 1869 1811 1903 Boemi.

1105 1923 1208 1956 Nunc
1223 1922 1333 1955 Gallis
1348 1922 1478 1955 dicitur
1492 1922 1645 1954 Boheme.

1146 1973 1162 1996 ¹²
1180 1972 1332 2014 Duceret]
1347 1972 1426 2005 Hoc
1434 1971 1577 2005 verbum
1589 1971 1691 2005 deest
1704 1970 1740 2004 in
1751 1971 1811 2004 sli-

1105 2023 1228 2066 quibus
1244 2022 1476 2055 editionibus:
1500 2021 1690 2054 addidimus
1713 2031 1810 2063 vero,

1106 2082 1249 2107 auctore
1271 2075 1410 2117 Lipsio;
1444 2074 1570 2117 alioqui
1599 2073 1809 2116 imperfecta

1104 2124 1198 2158 foret
1212 2126 1397 2158 sententia.
1441 2124 1547 2157 Aliud
1573 2124 1701 2158 addere
1726 2135 1809 2168 quo-

1107 2187 1175 2220 que
1197 2177 1376 2210 Cluverius
1390 2181 1548 2210 conatur.
1594 2176 1697 2210 Quod
1720 2176 1811 2209 enim

1106 2228 1323 2261 Boiohoemum
1343 2227 1389 2260 sit
1414 2237 1539 2259 nomen
1560 2226 1811 2270 regionis,vult

1104 2279 1189 2322 legi,
1216 2279 1251 2311 in
1288 2278 1503 2311 Boiohoemum
1527 2278 1665 2311 duceret.
1708 2277 1812 2310 Falli·

1106 2334 1183 2363 tur:
1208 2339 1321 2373 neque
1336 2330 1440 2371 enim,
1455 2334 1494 2362 ut
1507 2329 1596 2362 bene
1610 2333 1710 2362 notat
1722 2330 1813 2362 Von-

1105 2383 1187 2424 sius,
1208 2382 1284 2415 haee
1309 2383 1430 2424 regula
1445 2391 1579 2424 semper
1599 2381 1813 2415 observatur.

1106 2435 1202 2467 Unus
1218 2435 1264 2467 sit
1278 2434 1387 2466 instar
1402 2433 1552 2466 omnium
1568 2433 1627 2476 qni
1643 2433 1692 2466 sic
1705 2433 1813 2466 locuti

1106 2490 1198 2527 sunt,
1211 2485 1378 2528 Virgilius
1390 2484 1525 2518 AEneid.
1540 2484 1600 2518 lib.
1618 2493 1667 2517 vr.
1689 2484 1700 2503 ‘
1710 2483 1813 2523 fines-

1105 2547 1172 2582 que
1186 2538 1381 2571 Venturum
1392 2536 1586 2571 Ausonios:

1149 2593 1164 2611 Φ
1185 2589 1258 2631 Ipse
1271 2599 1292 2621 α
1308 2589 1485 2630 carnunto]
1508 2588 1602 2621 Urbs
1622 2588 1702 2621 olim
1722 2589 1816 2621 Pan·

1105 2639 1218 2672 noniae
1233 2639 1418 2682 superioris
1441 2643 1518 2671 erat
1531 2638 1577 2671 ad
1592 2638 1810 2672 Danubium:

1106 2700 1196 2723 nunc
1226 2690 1376 2723 Austriae
1413 2699 1521 2731 pagus
1557 2690 1592 2721 in
1622 2689 1812 2732 Hungariae

1106 2741 1271 2782 confinio,
1295 2741 1366 2784 qni,
1402 2744 1493 2775 teste
1528 2739 1644 2782 Lusio,
1673 2740 1814 2782 dicitur,

1106 2792 1144 2824 S.
1163 2793 1322 2833 Petronel,
1345 2791 1389 2825 ob
1411 2791 1604 2824 eoenobium
1626 2791 1672 2823 D.
1687 2791 1812 2825 Petro-

1106 2842 1198 2877 nillae
1215 2843 1365 2878 dicatum
1391 2851 1458 2877 non
1474 2842 1573 2883 longe
1589 2851 1608 2874 a
1624 2841 1767 2876 Vienna.
