2002 3250
314 246 372 290 92
744 260 803 292 c.
829 259 1046 293 ,vunnu
1082 259 1370 294 PA‘rnncum

315 354 542 398 trucidata
554 360 585 410 3⁹
614 367 816 412 gensque
836 356 995 401 excisa
1015 356 1279 400 Teutonum.
1327 356 1521 411 Quinto‚'
1531 358 1645 401 citra
1659 356 1806 415 Alpes

313 423 358 465 in
391 425 564 481 campis
597 425 761 479 quibus
795 438 958 468 nomen
993 429 1090 469 erat
1121 425 1394 479 Raudiis,¹0f
1435 428 1534 483 ipse
1567 428 1809 472 consulet

314 494 558 547 proconsul
595 493 655 546 Q.
682 494 888 537 Lutatius
918 493 1108 538 Catulus
1139 496 1494 540 fortunatissimo
1523 497 1807 541 decertavere

314 562 476 616 praelio
503 562 583 617 [U.
607 576 645 605 c.
665 563 766 607 653.
787 576 827 606 a.
849 562 951 606 Chr.
970 578 1011 606 n.
1027 563 1173 618 100.]:
1207 578 1329 609 caesa
1355 569 1430 608 aut
1450 570 1587 622 capta
1609 566 1808 623 amplius

316 635 452 672 cc.¹¹g
470 632 610 674 millia
625 631 864 675 hominum.
926 633 1034 676 Hac
1054 634 1250 677 victoria
1266 635 1451 678 *ridetur
1461 635 1681 679 meruisse
1701 635 1808 678 Ma-

315 699 427 752 rius,
447 714 504 743 ne
526 700 628 756 ejus
649 699 762 745 nati¹²
789 702 1112 758 rempublicam
1143 702 1400 758 poeniteret,
1434 716 1488 746 ac
1520 704 1642 746 bona
1661 704 1808 746 ¹malis

312 767 657 824 repensasse.¹²i
697 771 884 814 ·Sextus
903 772 1166 815 consulatus
1187 772 1327 814 veluti
1348 773 1586 828 praemium
1606 773 1649 815 ei
1676 767 1809 816 meri-

314 839 462 882 torum
483 839 630 884 datus.
661 840 741 896 [U.
762 854 802 883 c.
831 841 933 883 654.
967 853 1008 883 a.
1039 840 1140 884 Chr.
1161 855 1204 883 n.
1223 841 1316 895 99.]
1347 841 1455 885 Non
1487 845 1635 885 tamen
1656 842 1807 898 ,huJus

315 908 573 963 consulatus
592 909 823 952 fraudetur
853 909 1011 964 gloria,
1033 923 1124 964 quo
1146 909 1324 953 Servilii
1350 909 1580 963 Glauciae,
1601 910 1806 956 Saturni-

313 975 449 1031 nique
467 975 656 1032 Apuleii
676 978 888 1030 furorem,
909 978 1180 1021 continuatis
1209 978 1453 1021 honoribus
1478 980 1807 1034 rempublicam

313 1044 621 1099 lacerantium,
642 1050 690 1089 et
708 1047 871 1102 gladiis
902 1060 1082 1103 quoque
1108 1054 1156 1092 et
1183 1047 1309 1090 caede
1342 1048 1529 1090 comitia
1560 1048 1808 1093 discutiem

313 1113 437 1166 tium,
459 1116 613 1158 consul
642 1116 778 1158 armis
812 1116 1128 1172 compescuit:l
1156 1117 1446 1173 hominesque
1476 1117 1737 1161 exitiabiles
1757 1118 1805 1160 in

315 1182 520 1229 Hostilia
539 1181 683 1227 curiak
703 1188 844 1227 morte
866 1186 1115 1229 mulctavit.

373 1252 442 1302 13.
476 1253 665 1305 Deinde,
687 1254 934 1310 interjectis
959 1255 1124 1310 paucis
1154 1255 1296 1307 annis,
1319 1255 1596 1300 tribunatum
1615 1256 1716 1300 iniit
1737 1255 1803 1298 M.

316 1321 474 1364 Livius
494 1322 674 1366 Drusus
696 1322 775 1378 [U.
793 1337 831 1366 c.
853 1323 954 1366 663.
976 1337 1017 1366 a.
1040 1324 1141 1367 Chr.
1162 1338 1205 1366 n.
1225 1325 1350 1378 90.],.
1371 1327 1441 1369 vir
1474 1327 1804 1378 nobilissimus,

313 1390 720 1446 eloquentissimus,
753 1392 1084 1445 sanctissimus,
1129 1394 1310 1436 meliore
1347 1396 1393 1438 in
1433 1396 1588 1439 omnia
1624 1395 1806 1451 ingenio

314 1458 571 1516 animoque,
592 1475 727 1516 quam
754 1462 944 1515 fortuna,
972 1476 1094 1506 usus.
1155 1463 1369 1516 Quicum
1398 1466 1576 1509 senatui
1605 1467 1805 1522 priscum

313 1528 548 1572 restituere
581 1535 766 1586 cuperet
802 1532 956 1584 decus,
989 1537 1037 1575 et
1058 1532 1232 1589 judicia
1267 1535 1326 1576 ab
1358 1535 1581 1590 equitibus
1611 1534 1672 1577 ad
1702 1548 1804 1578 eum

314 1598 547 1641 transferre
566 1600 795 1654 ordinem3
827 1601 1025 1658 (quippe
1053 1615 1151 1644 eam
1184 1606 1448 1658 potestatem
1484 1604 1604 1647 nacti
1630 1604 1814 1659 equites·

315 1666 595 1721 Gracchanis
619 1669 810 1724 legibus,
833 1684 936 1713 cum
963 1672 1011 1714 in
1028 1672 1204 1725 vmultos
1225 1671 1506 1722 clarissimos¹
1521 1677 1657 1729 atque
1676 1674 1806 1715 inno-

315 1735 599 1780 centissimos
618 1738 740 1782 viros
774 1740 1027 1792 saevissent,
1064 1744 1158 1784 tum
1193 1740 1246 1783 P.
1269 1741 1503 1794 Rutilium,
1536 1742 1680 1785 virum
1710 1754 1805 1784 non

349 1899 376 1921 ⁴¹
396 1901 467 1933 Per
487 1911 590 1943 quem,
603 1903 793 1936 auctoritate
818 1903 964 1946 consulis,
984 1904 1121 1938 coercuit
1141 1904 1240 1937 armis
1253 1904 1401 1944 furorem
1424 1904 1559 1938 Servilii
1588 1905 1746 1947 Ghucioe,
1770 1909 1803 1938 et

313 1943 482 1977 Saturnini
496 1946 638 1987 Apukii,
653 1947 711 1989 qui
723 1947 903 1980 lacerabant
916 1949 1142 1991 rempublicam
1165 1950 1368 1990 prorogando
1391 1949 1456 1982 sibi
1481 1948 1670 1991 dignitates,
1685 1952 1717 1982 et
1744 1949 1804 1993 qui

313 1987 506 2030 dissipabant
521 1989 618 2022 etiam
629 1990 758 2023 comitia
769 1991 905 2035 ensibus,
919 1995 951 2024 et
965 1993 1050 2025 caede
1066 1992 1269 2026 astantium.

313 2149 499 2186 Ruhnken.
524 2153 591 2186 Ed.
619 2164 673 2197 pr.
697 2155 834 2197 amplius
861 2155 928 2188 CL.
956 2155 1413 2189 laostium....trucialacis.-1o
1447 2155 1513 2189 Ed.
1539 2165 1591 2198 pr.
1619 2156 1804 2191 Rauda.-

315 2197 354 2226 ll
379 2195 435 2227 Ita
450 2197 600 2229 Putean.
632 2203 669 2230 et
691 2198 772 2233 ΑΜ.
797 2200 890 2241 Nep.
917 2199 985 2232 Ed.
1012 2210 1066 2242 pr.
1086 2200 1212 2233 C.-—12
1235 2200 1397 2232 Boecler.
1422 2199 1578 2241 conjecit
1603 2199 1691 2232 bonis
1717 2201 1802 2233 mala

314 2247 436 2279 repens·
461 2240 552 2282 quod
581 2241 616 2273 in
644 2246 779 2274 textum
806 2242 943 2284 recepit
965 2243 1123 2275 Cludius.
1169 2243 1328 2275 Eundem
1353 2253 1492 2275 sensum
1517 2247 1666 2285 utraque
1692 2244 1803 2286 possit

314 2282 483 2315 sustinere
509 2284 639 2326 lectio;
667 2286 759 2319 idem
786 2286 876 2319 enim
903 2289 1004 2319 notat
1030 2286 1110 2319 bona
1135 2287 1227 2319 malis
1258 2296 1299 2320 ac
1328 2286 1416 2319 bonis
1441 2287 1525 2318 mala
1548 2296 1740 2330 repensasse,
1772 2291 1802 2321 s.

984 2395 1018 2428 N
1023 2394 1128 2428 OTAE

358 2477 370 2499 f
391 2479 542 2521 Raudiis]
578 2479 698 2522 Prope
722 2481 901 2514 Vercellas
923 2482 1029 2524 (Ver-

313 2530 396 2570 ceil)
411 2530 444 2561 in
457 2530 700 2564 Pedemontio.

357 2585 374 2609 s
400 2580 486 2622 CCC]
510 2580 675 2623 Plerique
693 2581 834 2614 tradunt
848 2592 939 2615 caesa
954 2591 1029 2616 esse

316 2631 470 2663 ducenta
485 2630 605 2672 millia,
630 2631 692 2663 sed
719 2633 875 2665 nonnulli
890 2637 1027 2666 tantum

318 2683 358 2714 C.
374 2682 487 2714 millia.

358 2730 375 2752 ¹¹
398 2733 451 2764 Ne
476 2731 542 2772 qius
564 2732 650 2774 nati]
694 2733 751 2766 Ne
779 2733 1028 2775 rempublicam

316 2783 515 2825 poeniteret,
535 2784 627 2826 quod
643 2788 738 2818 esset
753 2788 868 2828 natus,
891 2790 928 2819 et
949 2796 1029 2819 eum

315 2833 490 2865 habuisset
505 2833 630 2867 civem.
974 2849 981 2855 ·

359 2882 369 2905 ί
390 2882 438 2916 Ac
454 2883 530 2916 bona
545 2885 637 2917 malis
649 2886 841 2929 repensasse]
873 2889 1030 2922 commo-

1083 2481 1172 2523 dius,
1199 2480 1292 2514 forte
1319 2480 1424 2513 etiam
1443 2480 1586 2523 'vei-ius,
1606 2481 1803 2525 legeretur,'

1083 2544 1121 2566 ac
1147 2534 1232 2565 mala
1255 2532 1342 2565 bonis
1362 2541 1541 2574 repensaese
1553 2543 1566 2571 ‚·
1599 2532 1636 2565 id
1663 2538 1730 2575 est,
1756 2544 1800 2567 ac

1083 2583 1196 2625 bonis,
1225 2594 1303 2627 quae
1331 2588 1404 2617 tum
1434 2584 1636 2626 reipublicae
1667 2585 1800 2626 attulit,

1083 2644 1327 2678 compensasse
1357 2635 1462 2677 mala,
1497 2645 1644 2678 quorum
1671 2631 1799 2669 exinde

1083 2695 1186 2719 causa
1201 2684 1281 2718 fuit.

1125 2735 1140 2758 ¹¹
1163 2736 1206 2770 In
1227 2736 1373 2769 Hostilia
1397 2735 1501 2778 curia]
1538 2735 1596 2769 Sic
1622 2735 1719 2768 dicta
1743 2741 1799 2770 est

1083 2787 1127 2821 ab
1153 2787 1320 2829 Hostilio,
1347 2787 1582 2834 Romanorum
1613 2797 1708 2832 rege,
1737 2788 1798 2833 qui

1081 2839 1212 2882 primus
1225 2839 1318 2872 illam
1331 2837 1516 2872 exstruxit.
