2008 3210
544 261 587 292 c.
615 257 823 291 vunan
856 255 1166 289 annaeum.
1528 241 1617 286 495

192 362 399 404 Velleianis
427 362 658 415 praemissis,
690 365 843 401 textum
875 357 1074 399 Paterculi
1101 369 1195 396 cnm
1213 356 1316 396 notis
1333 354 1493 408 integris
1512 354 1619 395 Rhe·

195 427 285 469 nani
301 433 344 468 et
360 426 527 474 Buterii,
543 426 691 479 quibus
703 424 876 465 accessit
887 422 1112 463 Ruhnkenii
1126 421 1248 474 ipsius
1260 420 1479 461 annotatio.
1508 420 1621 461 Alter

197 507 289 533 vero
306 493 465 533 exhibet
483 505 640 533 omnem
658 491 843 531 editionis
860 489 1158 529 Burmannianae
1175 493 1422 541 apparatum.
1477 485 1625 526 Praefa-

197 560 313 600 tionis
327 559 451 600 docta
466 565 507 599 et
526 559 653 611 perita
669 563 731 598 est
746 556 962 608 disputatio
980 555 1030 594 de
1046 555 1240 595 editorum
1270 554 1443 606 priorum
1463 553 1624 601 meritis,

197 624 249 665 de
264 625 385 678 ipsius
398 623 599 676 scriptoris
612 621 852 663 adulationis
865 620 1037 672 iniquius
1050 619 1229 667 incusati,
1244 619 1431 667 moribus,
1450 616 1623 672 ingenio,

198 689 358 729 dicendi
377 689 540 736 ratione,
557 694 600 728 et
618 686 850 728 Sallustium
868 684 1050 724 imimdi
1069 685 1218 724 studio.
1274 685 1517 725 Contextum
1537 698 1628 724 vero

200 739 340 794 Velleii
356 753 588 806 religiosius,
618 763 739 805 quam
771 750 907 798 ceteri,
923 749 976 789 ad
995 748 1114 789 fidem
1131 748 1284 790 codicis
1303 756 1422 802 atque
1442 749 1627 789 editionis

200 818 353 871 primae,
371 818 653 872 orthographia
682 817 786 857 adeo
818 816 965 868 ubique
997 821 1168 862 servata,
1188 813 1313 862 dedit,
1332 814 1408 853 nisi
1429 814 1537 866 quod
1556 827 1629 867 pro

200 883 369 924 lectione
389 890 605 923 monstrose
621 889 806 935 corrupta
826 895 904 921 non
922 881 1050 920 solum
1070 879 1283 920 manifestis
1302 879 1527 919 criticorum
1547 893 1632 920 cor-

201 949 457 996 rectionibus,
477 948 549 988 sed
569 948 686 988 etiam
705 948 803 996 suis,
821 947 953 996 locum
972 945 1099 994 dedit,
1119 951 1255 986 notata
1274 952 1405 985 tamen
1425 945 1633 998 diligenter

203 1012 372 1053 lectione
405 1020 573 1054 vetusta.
629 1013 732 1053 Nam
765 1013 836 1053 ubi
867 1012 917 1053 de
949 1011 1225 1053 emendatione
1254 1011 1430 1064 quadam
1455 1017 1525 1050 aut
1552 1023 1634 1050 non

204 1077 356 1129 liquido
375 1078 599 1127 constabat,
617 1084 690 1119 aut
722 1078 791 1118 ubi
822 1077 873 1118 de
906 1077 1153 1117 correctione
1171 1076 1405 1117 invenienda
1423 1076 1636 1128 desperan-

207 1141 302 1182 dum
321 1149 420 1190 erat,
439 1143 501 1183 vel
520 1144 704 1184 codicem
734 1143 797 1183 vel
825 1142 1038 1183 editionem
1072 1156 1133 1196 pr.
1160 1142 1328 1182 fideliter
1347 1141 1565 1195 expressit;
1594 1146 1638 1181 at

207 1205 246 1246 in
262 1207 365 1246 notis
386 1207 581 1248 variorum
601 1208 818 1248 tentamina
836 1221 929 1248 cum
949 1208 1045 1257 suis,
1066 1208 1098 1247 si
1116 1207 1211 1260 quid
1230 1207 1427 1260 ingenium
1446 1206 1525 1260 ipsi
1543 1219 1637 1259 snp-

207 1271 424 1323 peditabat,
457 1273 668 1326 proposuit
699 1280 742 1314 et
773 1273 1027 1314 examinavit.
1080 1273 1151 1314 Uti
1183 1285 1276 1313 vero
1304 1273 1343 1311 in
1377 1272 1437 1312 his
1455 1271 1640 1313 criticum

210 1337 478 1377 verecundum
498 1351 546 1378 ac
567 1338 806 1387 modestum,
826 1338 880 1378 ita
907 1338 948 1378 in
976 1337 1188 1378 odorandis
1208 1337 1311 1378 vitiis
1331 1337 1639 1390 sagacissimum,

143 1455 149 1460 Π
211 1400 253 1440 in
272 1402 457 1442 sanandis
477 1403 750 1443 acutissimum
769 1404 865 1456 egit,
897 1410 943 1444 nt
971 1403 1215 1456 principibus
1233 1402 1534 1443 emendatorum
1553 1401 1644 1442 vel-

211 1465 275 1506 leii
293 1468 608 1509 annumerandus
640 1469 704 1510 sit.
762 1469 881 1516 Quod
910 1469 1091 1510 Rhenani
1110 1475 1151 1508 et
1170 1468 1321 1508 Burei-ii
1340 1474 1453 1508 notas
1471 1467 1642 1521 integras

211 1530 380 1580 dederit,
400 1532 440 1573 id
456 1533 678 1585 gratissimo
702 1534 836 1574 animo
855 1534 1148 1587 accipiendum,
1169 1546 1262 1574 cum
1281 1546 1305 1573 a
1324 1532 1644 1585 praecedentibus

213 1594 448 1649 plerumque
478 1594 642 1650 antiqua
669 1598 790 1639 lectio
809 1604 848 1638 et
868 1599 1045 1638 Rhenani
1068 1599 1299 1652 Bnreriique
1315 1599 1558 1651 conjecturae
1575 1597 1646 1638 ad-

215 1660 381 1700 modum
401 1662 642 1715 negligenter
657 1669 700 1703 et
715 1662 881 1703 confuse
898 1662 1052 1704 traditas
1071 1663 1229 1704 fuerint.
1269 1664 1315 1703 ln
1334 1663 1464 1704 lucem
1483 1676 1645 1717 quoque

215 1726 408 1779 protraxit
440 1727 605 1768 aliorum
639 1729 893 1776 Criticorum‚
925 1728 993 1781 qui
1025 1729 1154 1769 obiter
1170 1729 1235 1769 vel
1250 1728 1300 1769 ad
1320 1729 1415 1769 alios
1433 1729 1647 1782 scriptores

216 1791 278 1831 vel
297 1791 337 1832 in
355 1792 545 1845 epistolis,
561 1793 624 1833 vel
639 1793 679 1832 in
697 1793 869 1845 margine
887 1794 1058 1846 exempli
1079 1795 1140 1834 sui
1158 1794 1304 1847 aliquid
1325 1800 1538 1844 tentarant,
1553 1807 1649 1835 con-

210 1855 404 1908 jecturas,
421 1870 461 1897 v.
481 1870 520 1897 c.
541 1856 748 1905 Perizonii,
769 1857 934 1906 Davisii,
954 1858 1113 1906 Boheri,
1134 1858 1424 1913 Oudendorpii.
1461 1860 1649 1901 Ceterum

218 1921 269 1961 ad
282 1921 531 1974 elegantiam,
550 1935 732 1970 acumen,
752 1928 797 1963 et
815 1928 985 1963 mentem
1007 1922 1148 1964 Velleii
1167 1923 1472 1977 intelligendam,
1493 1937 1649 1966 necnon

219 1985 269 2025 ad
305 1999 367 2027 res
395 1986 641 2027 illustrandas
672 2001 722 2027 ex
754 1985 1042 2039 elegantissima
1060 1987 1296 2029 eruditionis
1309 1995 1349 2028 et
1367 1989 1512 2042 ingenii
1531 1989 1651 2043 copia

220 2052 511 2106 qmmplurima
531 2051 866 2100 subministravitg
897 2052 1076 2105 inprimis
1107 2066 1201 2094 vero
1226 2061 1267 2094 et
1300 2054 1544 2103 Sallustium,
1564 2062 1653 2096 tan-

220 2130 341 2169 quam
365 2118 567 2171 exemplar
599 2118 748 2166 velleii,
784 2123 825 2158 et
862 2116 1081 2166 Lucanum,
1113 2118 1414 2172 Sulpiciumque
1446 2121 1652 2168 Severum,

221 2181 313 2233 ejus
332 2182 583 2230 imitatorem,
607 2183 647 2222 in
664 2183 856 2224 auxilium
875 2182 1098 2223 advocavit.

279 2246 502 2288 Ruhnkenii
521 2260 682 2300 operam
699 2247 737 2287 in
759 2247 908 2288 Velleio
927 2247 1161 2288 collocatam
1183 2247 1480 2302 diligentissime
1497 2261 1656 2290 enarra·

223 2318 365 2352 verunt
382 2311 454 2352 viri
472 2311 582 2352 docti
601 2312 702 2352 inter
721 2311 859 2365 Belgas
877 2312 915 2351 in
936 2312 1125 2353 Biblioth.
1146 2313 1234 2353 crit.
1263 2314 1486 2356 Amstelod.
1508 2314 1597 2354 Vol.
1622 2324 1654 2355 1.

227 2375 272 2416 P.
294 2386 356 2416 w.
378 2388 471 2429 pag.
491 2381 560 2418 45.
580 2389 673 2430 sqq.
692 2376 796 2417 inter
815 2376 1040 2417 Germanos
1058 2384 1101 2418 et
1127 2377 1167 2417 ia
1188 2378 1434 2430 Ephemerid.
1454 2379 1512 2420 lit.
1534 2380 1659 2420 Goet·

226 2441 324 2494 ung.
347 2447 468 2489 1779.
491 2441 630 2483 Addit.
649 2455 739 2495 pag.
764 2448 855 2490 119.
874 2455 963 2495 sqq.
983 2448 1022 2483 et
1043 2443 1083 2483 in
1103 2443 1292 2484 Biblioth.
1313 2444 1495 2485 Univers.
1516 2446 1654 2485 Gemi.

231 2506 361 2547 Berol.
389 2505 513 2546 Tom.
547 2516 718 2548 xnvru.
747 2507 793 2547 P.
824 2518 877 2547 ιι.
903 2515 945 2548 et
977 2508 1017 2548 in
1048 2508 1150 2549 Bibl.
1172 2509 1361 2563 philolog.
1382 2510 1491 2563 Lips.
1510 2510 1602 2551 Vol.
1625 2522 1657 2550 1.

228 2584 321 2626 pag.
341 2575 410 2611 40.
427 2584 518 2623 sqq.
576 2571 685 2611 Inter
716 2571 788 2612 hos
815 2573 1029 2624 populares
1049 2574 1172 2614 nostri
1192 2586 1272 2614 non
1292 2574 1417 2614 solum
1439 2574 1662 2615 Ruhnkenii

229 2649 388 2690 operam
416 2642 632 2688 exegerunt
662 2642 703 2677 et
734 2635 1014 2689 dijudicatum,
1035 2638 1107 2679 sed
1127 2638 1244 2679 etiam
1265 2652 1385 2679 novas
1405 2640 1658 2693 conjecturas

228 2714 322 2742 suas
339 2707 643 2754 proposuerunt.

182 2771 285 2814 1780
314 2766 486 2807 Velleius
507 2767 756 2815 Patet-culus,
770 2767 978 2808 novissime
993 2769 1224 2810 emendatus
1237 2774 1278 2809 et
1290 2769 1506 2812 illustratus
1521 2770 1661 2811 studiis

231 2830 440 2872 Societatis
458 2831 695 2884 Bipontinae.
739 2830 873 2873 Editio
891 2832 1088 2874 accurata.
1121 2834 1293 2887 Biponti,
1315 2834 1420 2888 apud
1442 2836 1543 2877 Petr.
1566 2836 1662 2876 Hal-
