2002 3250
593 243 659 275 DE
691 242 870 275 OPERIS
904 241 1113 274 VELLEH
1148 242 1356 274 INDOLE.
1665 230 1723 275 23

234 337 317 382 ubi
332 341 385 382 et,
409 339 711 395 perspicuitas
731 340 793 382 rei
814 324 1111 390 declarandae,
1143 344 1191 381 et
1224 339 1421 393 gravitas
1443 341 1578 394 atque
1598 353 1724 394 mag-

234 408 478 453 nituderei
490 408 774 452 inculcandae
806 409 988 463 copiam
1019 409 1272 465 requireret,
1306 408 1396 451 vim
1431 408 1724 463 eloquentiae,

234 490 341 533 qum
357 476 445 519 hac
465 489 514 518 re
533 477 792 528 continetur,
815 476 1045 532 patefecit.
1106 476 1226 520 Haec
1246 477 1379 532 copia
1412 476 1535 519 inest
1569 478 1639 519 vel
1675 478 1724 519 in

232 546 363 588 rebus
380 544 659 596 enarrandis,
681 545 753 588 vel
773 545 820 587 in
839 545 1004 588 verbis.
1066 545 1185 604 Illud
1202 558 1341 599 genus
1354 550 1622 600 persecutus
1638 552 1722 598 est,

231 613 296 665 id,
326 613 449 669 quod
483 617 620 669 caput
653 614 719 656 rei
754 618 862 666 erat,
898 627 979 669 per
1000 618 1170 669 partes,
1191 628 1294 669 quae
1316 628 1475 657 sensus
1497 616 1722 658 animum-

231 696 316 739 que
334 682 542 726 movendi
558 683 650 726 vim
671 682 916 733 habebant,
951 683 1240 739 explicando,
1275 687 1328 725 ut
1363 696 1434 726 res
1467 697 1522 726 eo
1555 686 1722 728 clarius

229 751 531 807 perciperetur
561 755 698 807 atque
729 751 1068 806 ponderaretur.
1128 751 1238 794 Vid.
1258 765 1302 794 v.
1324 765 1364 794 c.
1386 764 1439 794 11.
1459 752 1532 795 22.
1555 753 1629 797 66.
1647 756 1721 798 70.

231 819 333 864 106.
355 820 459 862 120.
490 822 573 862 &c.
633 820 807 863 Eadem
840 820 979 862 animi
1014 833 1176 863 sensus
1213 822 1468 873 commotio,
1505 836 1608 877 quae
1644 824 1724 866 illa

229 890 477 945 progenuit,
498 889 689 945 protulit
707 902 891 945 quoque
910 889 1113 945 eJusdem
1134 890 1381 941 sententiae,
1403 903 1506 944 quae
1528 892 1722 945 graviter

231 958 494 1014 scriptorem
513 958 756 1010 afficiebat,
790 958 1177 1013 exaggerationem
1209 970 1289 1014 per
1324 958 1489 1001 novam
1509 959 1720 1015 pluresve

230 1027 416 1071 similes.
474 1027 535 1070 V.
553 1041 594 1070 c.
615 1038 671 1069 ιι.
688 1028 761 1069 14.
781 1028 854 1071 22.
871 1027 945 1070 28.
965 1031 1078 1070 extr.
1099 1027 1172 1071 89.
1231 1027 1412 1070 Pariter
1443 1028 1490 1070 in
1521 1028 1722 1072 dictione

229 1096 370 1152 copia
397 1109 458 1138 ex
487 1096 644 1139 eodem
664 1097 800 1140 animi
834 1097 1047 1140 commoti
1077 1097 1202 1140 fonte
1230 1101 1330 1140 orta
1359 1101 1445 1148 est,
1476 1099 1720 1141 cumulatis

218 1165 487 1222 'synonymis
507 1178 588 1207 seu
609 1166 848 1209 similibus.
877 1165 938 1208 V.
954 1180 994 1208 c.
1019 1177 1074 1208 11.
1094 1166 1137 1210 6.
1156 1165 1229 1208 52.
1250 1165 1350 1208 103.
1384 1165 1440 1208 In
1461 1167 1565 1209 aliis
1586 1167 1720 1219 lociS,

227 1235 308 1278 ubi
326 1247 418 1277 uno
439 1235 578 1277 verbo
598 1233 780 1288 defungi
801 1237 994 1290 poterat,
1010 1234 1322 1277 abundantiori
1343 1234 1539 1278 dictione
1563 1249 1719 1278 nume-

227 1303 290 1348 ris
327 1307 372 1348 et
400 1303 711 1360 perspicuitati
744 1302 999 1356 consuluit3
1049 1302 1154 1344 huic
1187 1302 1384 1359 quidem,
1428 1302 1496 1344 vel
1540 1304 1718 1361 adjecto

227 1373 465 1424 vocabulo,
496 1371 755 1428 praecedens
785 1372 929 1427 magis
959 1370 1226 1422 declarante,
1253 1384 1297 1413 v.
1320 1384 1360 1413 c.
1383 1382 1438 1413 11.
1459 1370 1532 1414 27.
1579 1375 1593 1393 ‘
1615 1372 1718 1415 ferri

227 1441 511 1498 gestat-ique}
559 1440 626 1483 vel
652 1442 857 1498 proprio,
896 1441 1122 1497 tropicam
1157 1440 1400 1483 dictionem
1430 1441 1718 1496 explanante,

225 1523 271 1554 v.
291 1523 332 1554 c.
353 1522 408 1554 11.
429 1510 532 1554 110.
559 1514 674 1554 extr.
704 1511 776 1554 13.
797 1511 961 1554 2113.
1003 1509 1070 1552 vel
1107 1510 1302 1567 tropico,
1341 1510 1481 1554 altero
1512 1510 1718 1566 ejusdem

226 1579 398 1636 generis
436 1580 629 1633 clariori,
668 1594 712 1624 v.
750 1595 791 1624 c.
824 1592 878 1623 11.
908 1581 981 1624 11.
1012 1580 1088 1623 16.
1119 1584 1232 1623 extr.
1276 1578 1346 1623 vel
1375 1581 1574 1635 proprio,
1604 1580 1718 1624 alte-

226 1661 276 1692 ro
308 1648 515 1702 graviori,
559 1660 613 1691 11.
640 1649 714 1693 18.
761 1661 795 1692 1.
823 1650 896 1694 17.
947 1648 1014 1691 vel
1053 1648 1258 1693 effectum
1288 1649 1558 1701 declarante,
1602 1663 1644 1692 v.
1676 1662 1718 1692 c.

228 1728 283 1761 11.
318 1717 389 1761 17.
424 1718 496 1760 19.
536 1717 606 1759 vel
646 1718 861 1775 adjuncto
901 1719 975 1762 vel
1008 1719 1147 1762 verbo
1188 1719 1304 1776 alio„
1351 1718 1424 1762 vel
1472 1718 1720 1774 participio

224 1785 408 1831 modum
440 1788 502 1830 rei
539 1786 812 1841 declarante,
866 1803 906 1832 v.
937 1802 978 1832 c.
1010 1800 1042 1830 1.
1070 1789 1114 1831 9.
1144 1788 1217 1832 12.
1254 1788 1327 1831 15.
1360 1798 1414 1829 ιι.
1435 1787 1479 1830 4.
1519 1784 1587 1828 vel
1631 1786 1717 1829 cir-

225 1856 584 1909 cumscribendo,
616 1870 660 1900 v.
680 1871 720 1900 c.
742 1869 776 1900 1.
795 1858 868 1901 17.
887 1858 961 1902 18.
995 1869 1050 1901 11.
1072 1858 1147 1901 55.
1167 1857 1243 1901 94.
1263 1857 1366 1900 125.

279 1923 356 1968 Ad
385 1939 617 1968 numerum
650 1926 868 1970 orationis
887 1926 1012 1982 quod
1034 1927 1209 1978 attinet,
1230 1940 1333 1969 eum
1363 1924 1574 1968 Velleius
1603 1934 1715 1968 con-

225 1993 439 2037 cinnitate
476 1995 790 2048 membrorum,
854 1996 1062 2051 inprimis
1097 1997 1143 2038 in
1172 2009 1351 2039 morum
1384 1994 1714 2046 notationibus,

224 2063 475 2114 sententiis,
511 2063 834 2119 antithetisque
861 2065 1004 2119 probe
1039 2068 1315 2109 consecutus
1334 2068 1417 2107 est.
1477 2063 1587 2106 Vid.
1609 2077 1649 2105 e.
1672 2076 1713 2118 g.

226 2143 279 2175 11.
299 2133 342 2175 l..
363 2131 435 2175 18.
454 2131 526 2175 29.
546 2132 619 2175 46.
639 2133 713 2175 48.
733 2133 808 2175 65.
829 2134 902 2176 73.
923 2133 998 2176 85.
1020 2134 1094 2176 89.
1114 2134 1217 2177 126.
1234 2136 1317 2176 &c.
1377 2132 1471 2175 Sed
1485 2132 1589 2175 huic
1605 2145 1715 2174 con-

223 2201 425 2245 cinnitati
447 2200 736 2244 adversantur
754 2202 890 2245 nimis
911 2203 1058 2258 longae
1080 2201 1271 2257 periodi,
1302 2201 1560 2257 disparibus
1590 2204 1713 2243 ante-

223 2270 507 2322 cedentibus,
529 2271 695 2326 quibus
725 2272 960 2314 multarum
987 2284 1147 2322 rerum,
1182 2270 1240 2315 ad
1260 2283 1396 2312 unum
1418 2273 1556 2325 caput
1576 2269 1715 2325 perti-

222 2339 438 2391 nentium,
478 2339 699 2382 ambitum
738 2353 829 2383 una
876 2340 1116 2383 verborum
1158 2338 1551 2394 comprehensione
1606 2351 1711 2381 con·-

223 2407 414 2460 strinxit,
449 2421 555 2450 cum
573 2408 955 2463 consequentibus
985 2408 1267 2452 brevioribus
1293 2407 1482 2463 junctis,
1502 2407 1576 2449 vel
1606 2421 1712 2450 con-

222 2477 359 2520 trario
393 2477 544 2520 modo.
605 2477 663 2519 V.
686 2491 728 2520 c.
752 2489 807 2519 11.
826 2477 897 2520 18.
958 2476 1188 2532 Ingratum
1219 2489 1398 2533 quoque
1431 2480 1515 2527 est,
1553 2476 1712 2531 depre-

220 2546 412 2590 hendere
432 2546 683 2590 orationem
705 2550 838 2603 atque
859 2546 1093 2603 periodos,
1112 2559 1276 2601 easque
1291 2546 1530 2599 longiores,
1551 2557 1716 2600 paren-

220 2614 418 2658 thesibus
434 2615 710 2670 longioribus
730 2615 948 2659 discissas
977 2614 1044 2671 (v.
1060 2616 1089 2657 1.
1112 2615 1144 2656 1.
1164 2619 1210 2657 et
1231 2626 1286 2656 11.
1307 2614 1379 2658 13.
1395 2613 1466 2656 28.
1483 2611 1598 2668 58.),
1617 2625 1713 2668 quo

220 2683 286 2735 fit,
304 2687 354 2726 ut
366 2684 526 2728 lectori
548 2698 576 2727 a
595 2698 746 2727 rerum
766 2698 887 2728 nexu
907 2690 952 2728 et
983 2698 1164 2727 summa
1182 2684 1415 2733 distracto,
1437 2683 1596 2724 iterata
1615 2681 1710 2725 lec-

223 2751 359 2804 tione,
379 2751 440 2796 ad
459 2752 632 2795 initium
653 2753 711 2795 sit
730 2754 1064 2796 recurrendum.
1128 2752 1220 2795 Sed
1242 2755 1294 2794 ut
1314 2751 1395 2793 illa
1412 2750 1710 2799 membrorum

223 2819 417 2881 periodi.
453 2821 568 2869 ratio
612 2821 767 2880 dispar
796 2823 1135 2872 exeusationem
1170 2821 1309 2870 habet
1342 2821 1388 2869 iu
1423 2817 1707 2870 festinatione
