2008 3210
360 238 449 283 438
670 248 814 282 uorsa
847 249 1115 282 unionum
1150 249 1202 282 m
1237 249 1526 284 rusiacum

359 351 484 380 statum
501 349 616 387 erant,
638 344 761 378 eodem
786 348 943 378 testante
967 345 1074 379 Trist-

362 411 406 435 ιι.
434 402 538 435 ‘Stat
564 401 682 433 Venus
707 402 822 434 Ultori
843 401 970 444 juncta
985 401 1072 442 viro,

360 457 442 486 ante
457 451 576 485 fores?
613 452 718 485 Circa
745 452 837 484 idem
859 451 994 494 Apellis
1021 456 1074 485 ta·

360 506 475 539 bulam
498 504 616 549 posuit
630 504 822 547 Augustus,
835 504 870 536 in
885 513 953 546 qua
967 502 1074 536 Alex-

361 556 470 590 ander
509 556 724 598 triumphans
760 556 853 588 Belli
889 555 1072 597 imaginem

359 609 486 643 vinctis
501 608 545 641 ad
562 613 698 650 tergum
714 606 869 639 manibus
879 606 980 650 quasi
991 615 1072 648 cap-

360 660 468 693 tivam
491 659 608 692 ducit:
631 668 735 701 quam
761 667 834 691 rem
861 658 899 691 in
922 656 1072 700 Augusti

358 712 506 752 gratiam
525 710 664 743 videtur
689 714 828 743 notasse
853 709 1072 743 doctissimus

361 763 498 795 Poeta:
536 760 660 794 ‘furor
690 761 818 803 impius
850 760 942 794 intus
972 761 1074 793 Saeva

359 813 484 846 sedens
494 823 599 856 super
613 822 719 854 arma,
729 817 768 846 et
782 818 920 845 centum
933 811 1072 844 vinctus

360 865 480 898 ahenis
491 865 579 898 Post
591 869 725 905 tergum
735 863 847 904 nodis,
857 861 985 896 fremet
995 863 1073 895 hor-

360 916 456 949 ridus
472 925 532 948 ore
544 914 713 948 cruento!
757 914 861 947 Nunc
878 913 915 945 in
930 922 971 945 eo
987 917 1072 946 tem·

360 968 420 1009 plo
436 966 531 1009 picta
545 966 666 999 cohors
678 966 844 1005 Romana,
856 964 955 1006 cujus
966 964 1074 997 vexil-

360 1018 440 1051 lifer
455 1028 518 1061 pro
541 1018 638 1060 signo
664 1017 797 1050 labrum
818 1017 939 1050 habet.
983 1017 1072 1049 Fue-

360 1073 444 1103 runt
459 1074 496 1103 et
516 1070 585 1102 alia
609 1069 734 1102 Martis
758 1068 891 1101 Ultoris
917 1068 1070 1110 templa:

361 1122 422 1154 sed
439 1121 504 1154 hoc
517 1121 777 1154 nobilissimum.
802 1120 922 1161 Georg.
938 1119 1035 1153 Fabr.

407 1173 532 1216 Quippe
538 1173 615 1216 filiu
629 1171 695 1213 ejus
707 1171 814 1213 Julia]
838 1172 969 1204 Seneca
984 1172 1072 1204 libro

359 1234 412 1257 vr.
440 1224 556 1266 capite
571 1226 627 1257 32.
650 1223 695 1255 de
717 1222 883 1270 Benetic2
906 1223 917 1242 ‘
934 1223 979 1255 D.
999 1222 1072 1255 Au-

361 1279 480 1318 gustus
511 1274 617 1308 filiam
643 1275 735 1307 intra
761 1274 939 1317 pudicitiae
966 1275 1072 1307 male-

358 1327 492 1359 dictum
505 1325 912 1369 impudicamrelegavit,
926 1329 964 1358 et
974 1323 1073 1367 flagi·

360 1378 411 1410 tra
448 1377 654 1421 principalis
687 1377 807 1410 domus
835 1377 870 1409 in
897 1375 1073 1419 publicum

357 1428 497 1462 emisit:
516 1428 682 1461 admissos
696 1427 865 1470 gregatim
883 1427 1072 1469 adulteros,

359 1484 576 1523 pererratam
606 1480 789 1513 nocturnis
815 1479 1072 1512 comessationi·

360 1531 424 1564 bus
441 1531 575 1573 urbem,
589 1529 708 1563 ‘forum
737 1529 852 1572 ipsum
880 1538 922 1560 ac
946 1533 1072 1570 rostra,

360 1581 486 1625 quibus
503 1585 604 1623 pater
616 1581 728 1623 legem
751 1580 795 1612 de
819 1579 997 1612 adulteriis
1019 1583 1071 1612 tu-

356 1633 462 1675 lerat,
475 1631 557 1665 filiae
578 1633 616 1665 in
637 1635 761 1673 stupra
781 1630 965 1673 placuisse,
989 1640 1072 1674 quo-

360 1683 529 1716 tldianum
559 1681 604 1715 ad
634 1681 813 1724 Marsyam
843 1690 1070 1715 concursum:

359 1736 438 1766 c'um
454 1743 498 1766 ex
511 1733 671 1766 adultera
690 1733 724 1765 iu
738 1732 982 1775 quaestuariam
996 1742 1073 1766 ver-

358 1788 408 1824 sa,
417 1784 475 1827 jus
488 1784 598 1818 omnis
608 1784 754 1816 luxuriae
765 1783 829 1816 sub
841 1783 961 1825 ignoto
975 1784 1072 1817 adul-

360 1840 436 1868 tero
448 1833 615 1878 peteret!
639 1835 694 1868 De
708 1843 776 1877 quo
788 1838 826 1867 et
836 1834 936 1877 illud,
949 1834 960 1853 ‘
971 1835 1073 1869 Quod

359 1896 534 1930 nunquam
562 1886 629 1919 nisi
656 1886 760 1928 plena
787 1886 867 1918 navi
897 1890 1071 1920 vectorem

361 1937 488 1971 tollat!
521 1936 682 1970 Macrob.
710 1937 800 1970 libro
823 1946 869 1970 n.
895 1938 1014 1980 capite
1038 1942 1072 1972 5.

361 1988 549 2031 setianus.
610 1988 737 2030 Quippe,
764 1988 843 2032 filia
869 1989 938 2029 ejus
964 1989 1072 2031 aazia]

359 2040 447 2075 Qua
463 2039 508 2073 de
518 2039 614 2074 Julia
625 2040 682 2072 hic
696 2039 872 2073 habentur
884 2040 963 2073 vide
979 2041 1073 2083 apud

358 2091 503 2124 Sueten.
527 2090 619 2134 Aug.
641 2094 694 2125 65.
719 2091 795 2124 Tib.
812 2094 866 2124 11.
886 2092 969 2125 Tac.
985 2092 1030 2126 A.
1045 2102 1072 2126 ι.

360 2144 415 2176 58.
432 2145 464 2175 1.
487 2142 593 2176 Dion.
612 2151 670 2175 w.
688 2152 722 2184 p.
737 2145 815 2175 635.
849 2142 993 2177 Βοεοῑεν.

407 2193 595 2235 Vindicem]
617 2193 898 2234 Aliterjudicuns.

402 2245 512 2278 Julius
535 2244 711 2286 Antonius]
734 2245 870 2287 Malim,
895 2244 987 2278 Iulus
1001 2245 1072 2278 An·

358 2296 476 2328 tonius.
498 2296 666 2329 Horatius
680 2296 796 2329 Carm.
813 2294 874 2328 lib.
887 2303 939 2328 xv.
955 2295 1025 2329 Od.
1037 2300 1071 2330 2.

357 2350 369 2366 ‘
388 2347 576 2381 Pindarum
602 2347 756 2392 quisquis
771 2347 889 2380 studet
904 2348 1072 2389 oemulari,

359 2397 450 2441 Iule,
477 2399 603 2432 ceratis
632 2408 700 2442 ope
730 2398 898 2431 Daedalea
934 2398 1072 2431 Nititur

360 2449 509 2491 pennis:
544 2449 690 2483 Tacitus
719 2448 846 2482 Auual.
868 2458 895 2482 ι.
922 2449 933 2468 ⁴
948 2449 1071 2481 Lollia-

359 2505 422 2534 n'as
445 2501 686 2544 Varianasque
710 2501 840 2534 clades.
870 2499 1072 2533 interfectos

359 2550 484 2585 Romae
520 2552 711 2592 Varrones,
746 2550 926 2594 Egnatios,
955 2551 1072 2585 Iulos!

360 2602 528 2636 Diversus
553 2607 673 2637 tamen
697 2602 769 2636 Dio
791 2602 851 2635 lib.
869 2610 928 2635 zv.
953 2602 1013 2646 qui
1037 2606 1074 2636 et

358 2654 370 2671 ‘
382 2653 528 2690 Iulium'
544 2658 657 2695 vocat,
667 2657 705 2687 et
715 2663 783 2687 non
798 2653 862 2687 sibi
874 2654 940 2696 ipsi
951 2658 1074 2687 necem

358 2705 580 2747 conscivisse,
603 2714 723 2738 verum
748 2709 861 2739 morte
889 2706 1074 2739 multatum

362 2764 441 2788 cum
468 2756 543 2788 aliis
568 2755 688 2789 tradit.
726 2755 913 2798 Schegkius.
989 2756 1077 2790 lutus

362 2807 537 2850 Antonius]
558 2808 640 2842 Tac.
667 2807 794 2842 Auual.
820 2819 873 2843 w.
897 2812 954 2844 44.
978 2813 1012 2844 4.
1038 2814 1077 2844 et

364 2856 410 2891 A.
427 2866 454 2891 1.
469 2861 565 2892 mo.
594 2859 694 2892 Idem
707 2859 751 2892 de
765 2860 949 2904 sempron.
963 2862 1076 2895 Grac·

363 2908 428 2942 cho
446 2907 489 2942 A.
504 2918 531 2942 1.
547 2911 601 2942 53.
618 2912 650 2944 4.
681 2910 824 2944 Boecler.

1167 338 1371 388 Sem'pronim
1384 346 1565 390 Gracchus]
1595 346 1740 380 'taeitos
1764 346 1844 382 Art-²

1123 398 1193 431 nal.
1216 398 1306 431 libro
1320 407 1347 432 ι.
1372 399 1383 417 ⁴
1401 399 1471 432 Par
1497 409 1619 432 caussa
1642 398 1785 432 saevitiae
1799 399 1845 433 in»

1124 449 1361 490 Sempronium
1386 449 1596 490 Gracchum,
1621 449 1680 492 qui
1705 447 1839 482 familia

1123 499 1245 543 nobili,
1258 501 1368 533 solers
1381 500 1532 543 ingenio,
1543 504 1579 533 et
1595 509 1702 543 prave
1717 499 1839 533 faem-

1124 551 1200 594 dus,
1230 552 1377 584 eandem
1398 552 1526 586 Juliam
1552 552 1587 584 in
1616 550 1838 584 matrimonio

1123 601 1175 634 M.
1186 600 1353 644 Agrippa
1366 602 1561 636 temeravit.
1576 602 1654 636 Nee
1664 603 1693 634 is
1703 601 1847 636 libidini

1122 651 1201 685 finis
1210 663 1218 685 :
1231 653 1398 686 traditam
1407 653 1561 695 Tiberio,
1569 653 1735 695 pervicax
1742 652 1839 686 adul·

1123 708 1180 737 ter
1199 706 1420 738 contumacia
1443 710 1480 739 et
1506 706 1594 739 odiis
1615 706 1651 739 in
1674 706 1839 740 maritum

1124 756 1354 790 accenderat:
1388 757 1599 801 litteraeque‚
1628 766 1715 801 quas
1727 795 1729 799 Α
1740 756 1839 792 Julia

1123 807 1218 848 patri
1246 805 1405 849 Augusto
1426 817 1505 840 cum
1528 800 1754 841 insecutione
1779 807 1838 840 Ti-

1125 858 1213 891 berii
1229 858 1385 901 scripsit,-
1402 868 1424 891 a
1450 859 1611 892 Graccho
1636 859 1837 901 composita

1124 909 1367 942 credebantur.
1412 909 1526 952 Igitur
1540 914 1674 943 amotus
1694 909 1837 943 Cerciu-

1125 970 1218 1003 nam,
1241 960 1352 994 Africi
1376 962 1481 994 maris
1501 962 1662 1003 insulam,
1675 965 1839 1005 quatuor·

1123 1012 1238 1044 decim
1251 1014 1349 1045 annis
1364 1012 1503 1045 exilium
1519 1013 1696 1046 toleravit.
1736 1013 1835 1047 Tunc

1122 1063 1266 1105 milites,
1280 1063 1325 1096 ad
1334 1063 1471 1096 cedem
1485 1063 1590 1101 missi,
1609 1063 1774 1097 invenere
1799 1063 1838 1097 in

1123 1115 1331 1157 prominenti
1357 1114 1497 1155 littoris,
1511 1115 1597 1148 nihil
1620 1115 1737 1148 ioetum
1752 1125 1837 1158 ope-

1123 1166 1288 1199 rientem:
1308 1175 1453 1209 quorum
1463 1166 1617 1199 adventu
1630 1166 1735 1199 breve
1747 1170 1835 1199 tem-

1123 1227 1187 1260 pus
1199 1217 1336 1261 petivit,
1345 1222 1384 1250 ut
1397 1226 1559 1260 suprema
1574 1215 1737 1250 mandata
1751 1226 1838 1250 uxo-

1123 1268 1153 1300 ri
1173 1267 1314 1301 Aliariae
1341 1277 1406 1311 per
1420 1268 1556 1301 litteras
1571 1267 1696 1308 daret;
1725 1267 1837 1301 cervi·

1123 1328 1268 1362 cemque
1276 1318 1535 1361 percussoribus
1544 1318 1692 1353 obtulit)
1698 1318 1836 1360 Schegk.

1146 1383 1148 1387 ·
1168 1371 1269 1408 Quasi
1281 1370 1448 1412 cujustibet
1469 1380 1568 1403 uxore
1592 1370 1724 1414 violato]
1753 1371 1837 1404 Non

1121 1422 1248 1464 culpo:
1270 1430 1395 1464 nempe
1417 1422 1561 1464 relegati
1577 1421 1644 1464 ipsi
1657 1425 1720 1454 aut
1732 1421 1837 1464 puisi,

1121 1481 1200 1516 quae
1218 1483 1321 1516 poeua
1339 1473 1363 1507 J
1367 1472 1446 1505 olim
1461 1471 1507 1505 de
1530 1471 1721 1505 adulteriis.
1762 1471 1835 1505 Ta-

1120 1534 1200 1557 men
1236 1525 1375 1558 Tacitus
1407 1524 1511 1556 aliter
1548 1523 1653 1565 longe
1683 1521 1836 1557 adstruit

1121 1573 1248 1608 Auual.
1262 1583 1320 1608 111.
1352 1575 1363 1593 ‘
1379 1575 1430 1607 Ut
1455 1573 1591 1616 valida‚'
1611 1573 1736 1617 inquit,
1761 1574 1774 1592 ⁴
1787 1574 1834 1608 D.

1121 1627 1281 1670 Augusto
1307 1626 1344 1658 in
1375 1634 1488 1668 remp.
1513 1624 1663 1667 fortuna,
1676 1625 1726 1658 ita
1739 1625 1834 1660 domi

1120 1676 1423 1721 ituprosperafust,
1432 1677 1477 1710 ob
1489 1676 1740 1719 impudicitiam
1750 1675 1834 1710 filiu

1121 1738 1164 1762 ac
1178 1728 1305 1771 neptis,
1329 1736 1414 1771 quas
1436 1727 1522 1759 urbe
1535 1727 1686 1770 depulit,
1698 1726 1834 1760 adulte-

1121 1787 1245 1823 rosque
1259 1788 1376 1811 earum
1391 1782 1504 1811 morte
1517 1782 1580 1811 aut
1594 1777 1678 1821 fuga
1688 1776 1834 1821 punivit.

1121 1830 1213 1863 Nam
1230 1831 1368 1873 culpam
1391 1830 1485 1863 inter
1499 1829 1591 1862 viros
1611 1839 1654 1862 ac
1677 1829 1834 1863 roemlnu

1120 1881 1310 1923 vulgatam,
1325 1881 1423 1924 gravi
1444 1880 1584 1914 nomine
1605 1881 1767 1914 laesarnm
1780 1889 1834 1914 re·

1119 1932 1287 1975 ligionum
1301 1942 1342 1964 ac
1356 1931 1495 1964 violatas
1510 1930 1699 1974 majestatis
1708 1931 1833 1974 appol·

1121 1983 1236 2022 lando,
1249 1982 1470 2016 clementiam
1495 1982 1663 2024 majorem
1685 1990 1833 2026 suasque

1122 2035 1200 2077 ipse
1214 2034 1312 2076 leges
1326 2033 1602 2076 egrediebatur!
1645 2033 1715 2067 Sed
1737 2037 1833 2067 utet·

1122 2095 1190 2130 que
1205 2085 1374 2128 adspectu
1390 2085 1507 2128 aliquo
1521 2094 1636 2118 verus.
1665 2085 1834 2127 Velleius,

1122 2139 1152 2171 si
1189 2138 1438 2181 relegationem
1483 2138 1643 2170 intueare
1685 2137 1831 2171 istorum

1120 2199 1208 2233 quos
1231 2190 1388 2222 nominat
1402 2201 1413 2230 3
1446 2189 1603 2230 Tacitus,
1631 2189 1659 2221 si
1683 2190 1832 2223 morre-

1122 2246 1183 2274 aut
1197 2241 1356 2274 exsilium
1368 2239 1595 2283 quorundam.
1612 2239 1705 2282 lips.
1729 2239 1834 2276 Quot·

1120 2293 1284 2333 cuiuslibet
1298 2301 1398 2324 uxore
1410 2290 1544 2332 violatu]
1558 2290 1734 2334 intellige}
1746 2300 1834 2334 quos

1121 2344 1178 2377 hic
1197 2344 1365 2385 nominat,
1379 2342 1439 2386 qui
1451 2351 1496 2375 ex
1508 2342 1586 2384 lege
1598 2341 1695 2376 Julia
1708 2342 1744 2374 in
1757 2341 1833 2376 exi·

1121 2394 1205 2427 lium
1242 2394 1355 2436 pulsi:
1392 2401 1563 2425 nonnemo
1594 2392 1687 2425 enim
1717 2398 1832 2427 morte

1121 2445 1266 2478 affectus
1280 2449 1345 2478 est.
1389 2444 1494 2479 Quod
1509 2443 1648 2487 Lipsius
1671 2447 1773 2478 notat
1786 2444 1833 2478 nd

1121 2497 1402 2531 conciliationem
1427 2495 1557 2528 Velleii
1583 2505 1660 2529 cum
1693 2494 1836 2538 Tacito,

1122 2551 1167 2584 A.
1198 2559 1258 2584 ιιι.
1283 2552 1338 2583 24.
1364 2552 1398 2582 2.
1424 2548 1520 2592 [vide
1542 2549 1656 2581 locum
1683 2556 1789 2591 supra
1810 2557 1833 2581 a

1123 2603 1242 2646 Lipsio
1267 2599 1480 2643 allegatum]
1506 2599 1715 2642 Quanquam
1736 2598 1834 2632 lulum

1124 2652 1311 2694 Antonius,
1339 2661 1408 2684 nou
1435 2655 1508 2683 tam
1542 2650 1587 2683 ob
1610 2649 1837 2691 adulterium,

1125 2714 1227 2748 quam
1243 2704 1283 2736 ὡς
1294 2702 1346 2735 καὶ
1360 2700 1412 2734 ἐπὶ
1424 2703 1467 2745 τῇ·
1479 2699 1635 2744 μιναρχίᾳ
1646 2700 1742 2733 nem
1754 2700 1836 2743 τρό-

1125 2759 1192 2798 εας,
1227 2755 1384 2797 adeoque
1419 2753 1431 2771 ⁶
1444 2754 1490 2785 ol>
1529 2761 1649 2784 rerum·
1669 2760 1836 2785 novarum

1126 2804 1356 2840 molitionem'
1387 2801 1594 2836 interfectus
1625 2806 1837 2835 memoratur

1127 2858 1235 2893 Dioni
1253 2865 1312 2889 nv.
1340 2866 1378 2898 p.
1392 2858 1470 2888 635.
1495 2853 1557 2886 sed
1587 2861 1744 2896 quaenam
1762 2851 1838 2885 iiim

1129 2911 1139 2928 ⁸
1154 2908 1336 2951 religiones
1343 2906 1362 2949 ‚’
1377 2915 1461 2950 quas
1476 2904 1486 2924 ⁸
1499 2903 1618 2938 laesas’
1642 2904 1736 2947 apud
1749 2903 1838 2938 Tac.

1985 2807 2008 2889 *aaz
