2002 3250
527 261 780 295 ms'ronm
814 259 1042 293 ROMANAE
1075 259 1176 294 mn.
1210 258 1263 291 11.
1294 248 1369 291 91.
1607 245 1694 288 197

208 363 426 409 absumsit
453 362 629 415 ducesg
655 364 944 416 ·patrumque
986 363 1134 411 aetate,
1166 359 1214 401 in
1246 360 1414 401 tantum
1450 355 1696 400 Sertorium

208 433 346 477 armis
366 431 540 483 extulit,
559 435 614 487 ut
643 443 726 486 per
755 427 1112 485 quinquennium
1145 427 1381 484 dijudicari
1415 438 1505 469 non
1540 429 1697 481 potue-

207 503 314 554 rit,¹'
350 500 574 557 Hispanis
605 499 886 544 Romanisne
907 498 1125 542 inarmis
1154 498 1258 554 plus
1292 498 1413 538 esset
1441 495 1630 547 roboris,
1653 499 1698 539 et

206 575 303 616 uter
332 569 532 627 populus
560 569 685 612 alteri
720 568 942 624 pariturus
966 567 1093 611 soret.
1155 565 1257 608 Has
1278 564 1417 620 igitur
1434 563 1697 620 provincias

199 643 297 683 tam
342 638 547 692 diffusam,
599 642 690 682 tam
729 637 999 694 frequentes,
1052 641 1146 680 tam
1182 636 1317 686 feras,
1358 633 1415 676 ad
1458 646 1557 677 eam
1613 646 1698 689 pa-

206 721 302 752 cem
334 708 493 752 abhinc
525 713 665 751 a'nnos
685 707 819 750 ferme
852 719 899 750 11.
919 705 1136 762 perduxit
1156 703 1313 748 Caesar
1345 701 1597 758 Augustus,
1632 706 1696 758 ut,

208 790 312 832 quae
331 777 546 820 maximis
564 776 699 820 bellis
729 778 961 832 nunquam
994 776 1279 824 vacaverant,
1301 786 1368 835 eae
1407 772 1492 814 sub
1523 770 1577 815 C.
1602 772 1697 815 An-

206 846 388 898 tistio‚¹²
409 858 463 888 ac
484 845 644 888 deinde
678 844 733 889 P.
754 845 866 888 Silio
895 845 1046 900 legato
1076 843 1327 898 ceterisque
1357 846 1534 898 postea,
1561 842 1695 885 etiam

206 915 452 959 latrociniis
473 919 721 958 vacarent.⁰

265 985 339 1028 91.
372 985 493 1027 Dum
521 988 710 1040 pacatur
739 982 979 1035 Occidens,
1001 983 1058 1025 ab
1080 981 1259 1025 Oriente
1288 994 1342 1025 ac
1374 993 1477 1035 rege
1509 978 1697 1023 Partho·

206 1057 305 1097 rum
326 1054 456 1108 signa
476 1047 703 1104 Romana,
730 1056 856 1108 quae,
883 1051 1050 1094 Crasso
1072 1054 1340 1107 oppresso,¹³
1363 1048 1553 1100 Orodes,
1574 1059 1695 1104 quae,

207 1122 406 1166 Antonio
429 1123 575 1178 pulso,
594 1122 713 1165 filius
748 1121 851 1177 ejus
886 1121 1128 1164 Phraates¹¹
1147 1122 1374 1177 ceperant,
1396 1118 1607 1173 Augusto
1630 1130 1696 1160 re-

208 1192 348 1234 mis'sa
369 1195 487 1234 sunt.
518 1190 599 1246 [U.
622 1204 661 1233 c.
681 1190 785 1233 ⁰734.
807 1203 848 1232 a.
869 1189 970 1232 Chr.
991 1203 1034 1232 n.
1056 1189 1147 1243 19.]
1179 1188 1318 1242 Quod
1347 1201 1594 1243 cognomen
1625 1186 1695 1230 illi

208 1261 322 1311 viro,
345 1259 506 1303 Planci
526 1259 761 1311 sententia,
782 1264 1050 1302 consensus¹
1083 1258 1283 1301 universi
1310 1260 1488 1300 senatus
1515 1256 1695 1312 populi-

207 1342 295 1385 que
325 1328 522 1372 Romani
555 1327 735 1372 indidit.
778 1326 858 1383 [U.
879 1341 919 1370 c.
941 1326 1044 1370 727.
1065 1339 1106 1370 a.
1128 1325 1232 1370 chr.
1252 1340 1294 1369 n.
1314 1324 1406 1379 26]
1457 1324 1595 1367 Erant
1628 1328 1696 1368 ta-

207 1410 322 1449 men,
344 1397 423 1453 qui
453 1396 571 1440 hunc
603 1396 917 1440 felicissimum
944 1399 1110 1439 statum
1145 1395 1360 1438 odissent.
1421 1393 1606 1450 Quippe
1640 1392 1693 1436 L.

207 1464 414 1518 Murena,
433 1469 477 1508 et
499 1465 695 1508 Fannius
712 1464 888 1521 Caepio,
903 1463 1096 1508 diversis
1115 1463 1329 1515 moribus,
1349 1461 1475 1520 (nam
1499 1460 1695 1506 Murena

205 1534 301 1577 sine
320 1534 407 1578 hoc
438 1534 641 1578 facinore
674 1533 826 1591 potuit
855 1534 1001 1578 videri
1030 1533 1191 1586 bonus,
1213 1531 1375 1589 Caepio
1394 1534 1442 1575 et
1466 1530 1552 1574 hoc
1573 1532 1694 1575 ante'

206 1603 468 1658 pessimus,)
501 1616 604 1647 cum
623 1604 814 1647 inissent
841 1603 1075 1647 occidendi
1109 1602 1306 1647 Caesaris
1327 1600 1518 1644 consilia
1539 1600 1631 1656 [U.
1655 1614 1694 1644 c.

204 1671 306 1716 732.
328 1686 371 1716 a.
394 1673 498 1717 Chr.
519 1687 561 1716 n.
578 1672 686 1727 21.],
720 1673 931 1729 oppressi
962 1673 1230 1717 auctoritate
1259 1671 1461 1728 publica,
1494 1669 1615 1726 quod
1649 1670 1696 1713 vi

204 1740 356 1784 facere
370 1742 618 1794 voluerant,
633 1742 736 1799 jure
758 1741 887 1798 passi
904 1746 1022 1794 sunt.
1063 1740 1231 1798 Neque
1251 1739 1394 1784 multo
1415 1742 1519 1795 post
1539 1737 1693 1797 Rufus

205 1807 435 1865 Egnatius,
472 1825 553 1868 per
584 1812 736 1854 omnia
766 1811 1018 1866 gladiatori,
1055 1822 1191 1867 quam
1223 1808 1434 1858 senatori,
1472 1807 1694 1863 propior‚¹'

205 1878 395 1923 collecto
415 1881 462 1923 in
482 1876 697 1924 aedilitate
715 1879 873 1925 favore
904 1880 1079 1936 populi,
1102 1891 1236 1935 quem
1263 1875 1582 1932 extinguendis
1604 1876 1695 1931 pri-

204 1952 312 1991 vata
331 1949 519 1992 familia?
548 1949 769 1993 incendiis
789 1950 837 1993 in
867 1949 967 1994 dies
1003 1952 1210 2001 auxerat,
1231 1948 1276 1990 in
1305 1950 1476 1990 tantum
1498 1944 1693 2002 quidem,

247 2087 261 2107 ⁰
289 2084 345 2126 Ut,
360 2095 429 2128 quoe
448 2083 618 2128 provincie
633 2095 792 2127 nunquam
804 2086 941 2125 fuerant
965 2086 1033 2118 nim
1054 2083 1206 2119 maximia
1228 2083 1329 2125 bellic,
1344 2091 1388 2115 m
1403 2085 1527 2125 postea
1540 2078 1694 2113 sub‘Caio

204 2127 362 2169 Antistio,
374 2131 430 2170 ξε.
453 2131 551 2161 cuent
568 2130 665 2162 etiam
681 2129 749 2161 eine
764 2128 952 2162 latrociniis.
1499 2129 1502 2133 ’

244 2175 264 2199 P
289 2171 330 2205 ln
343 2171 486 2206 omnibns
501 2171 638 2205 similior
646 2172 840 2215 gladiatori,
853 2183 947 2215 quam
957 2169 1122 2206 Senator-i.

248 2219 264 2243 ⁹
287 2214 407 2258 Opera
422 2225 550 2249 morum
563 2216 813 2249 domesticorum.

204 2362 302 2394 eciam
322 2361 589 2405 expungendum
603 2364 824 2395 censete-10
839 2360 930 2394 Edd.
947 2363 1037 2394 vett.
1055 2361 1094 2393 Χ
1095 2360 1227 2393 Χ.-11
1246 2359 1304 2391 Ita
1317 2357 1380 2391 Ed.
1393 2367 1444 2400 pr.
1461 2356 1548 2391 Cod.
1564 2357 1694 2399 poterit.

205 2407 293 2438 —12
315 2403 374 2439 Ita
388 2406 542 2439 currem
567 2405 754 2439 mma-u.
773 2415 818 2439 ex
842 2405 935 2438 Flor.
951 2413 1002 2438 lv.
1018 2406 1072 2439 12.
1096 2406 1151 2437 ⁶1.
1168 2408 1206 2436 et
1228 2402 1331 2436 Dion.
1354 2410 1438 2435 un.
1462 2404 1516 2435 2⁶.
1555 2400 1620 2434 Ed.
1637 2410 1692 2442 pr.

204 2447 427 2482 ‚strictim-18
450 2449 510 2482 lta
525 2449 591 2482 Ed.
615 2449 723 2483 Bau.
750 2448 815 2483 Ed.
839 2458 894 2493 pr.
918 2450 1103 2492 precam—1
1129 2447 1188 2481 Ita
1203 2446 1269 2481 Ed.
1292 2456 1343 2490 pr.
1366 2445 1432 2479 Ed.
1447 2444 1554 2479 Basil.
1581 2449 1692 2478 truns-

877 2551 1022 2587 NOTAE

247 2631 263 2648 “
285 2626 391 2661 Filius
415 2627 483 2670 q‘toe
508 2627 685 2671 Phraaten]
718 2627 788 2662 nie
815 2627 922 2661 falsus
976 2627 1105 2669 Dione,
1119 2617 1268 2667 Zonara,
1287 2628 1324 2658 et
1339 2625 1428 2666 aiiis,
1448 2597 1605 2658 Orodem
1633 2624 1694 2657 tri·

204 2683 259 2712 est
281 2677 442 2722 Ursinus,
457 2680 514 2723 qni
542 2689 607 2723 pro
624 2679 783 2712 Phraaten
796 2678 921 2712 nub-ti·
975 2681 1074 2723 ginta
1096 2678 1183 2711 titios
1199 2676 1370 2719 habuisse,
1391 2681 1429 2709 et
1445 2676 1537 2709 inter
1550 2684 1611 2710 eon
1624 2675 1693 2709 Pa·

205 2730 373 2766 tuendum
398 2741 475 2765 ene
494 2735 594 2775 putat
617 2731 770 2765 Pacorus.
815 2730 921 2774 Nam,
975 2740 1093 2764 eorum
1110 2735 1148 2762 et
1165 2729 1365 2762 Phr-ntem.

205 2786 235 2818 1.
259 2790 398 2820 coutet
423 2795 466 2818 ex
490 2786 627 2819 Velleio
644 2786 816 2820 Pacorum
839 2791 921 2820 ante
1018 2786 1036 2804 ¹
1063 2780 1252 2824 Cenaeum]
1273 2780 1344 2823 Sic,
1360 2784 1450 2814 teuto
1473 2779 1611 2823 Vannio,
1625 2778 1693 2815 fuit

204 2833 323 2878 sogam
338 2835 482 2871 Antonii
510 2848 532 2871 a
553 2837 722 2871 Ventidio
740 2837 815 2882 jun
832 2837 924 2872 occi-
975 2833 1011 2866 in
1026 2833 1140 2866 veteri
1164 2832 1299 2874 codice,
1317 2841 1385 2865 non
1401 2835 1517 2866 autem
1532 2842 1693 2877 mama,

206 2897 279 2922 mm
303 2886 421 2923 sulm.
467 2892 502 2924 2.
519 2890 668 2924 conum
695 2899 740 2924 ex
764 2888 922 2933 suintino,
976 2889 1014 2919 ut
1031 2882 1348 2929 anquiedideruut.
