2008 3210
307 256 394 300 292

307 363 497 405 Popillium
512 364 619 396 etiam
651 364 817 404 nominat,
841 363 901 395 sed
928 372 1021 395 erro-

308 425 381 449 rem
409 415 484 457 ejus
519 415 737 456 redarguunt
767 413 869 446 facile
900 417 1020 454 testes,

308 476 393 508 quos
411 466 495 508 dixi,
516 466 608 498 omni
633 466 839 507 exceptione
859 465 1020 506 majores.

314 518 447 549 Vossius.

354 567 603 609 Cogitationem]
640 567 720 600 Non
741 565 882 608 negabis
908 566 1022 607 aptius

308 629 408 651 esse:
438 619 647 651 cantationem
667 619 800 658 regiam.
844 618 1023 651 Tardabat

308 671 399 702 enim
426 669 651 711 respondere,
681 674 718 701 et
747 668 1022 702 deliberaturum

310 731 347 753 se
365 721 511 752 dixerat.
534 720 674 761 Lipsius.

354 770 587 811 Proeteaetatos]
610 771 798 813 Gruterus,
815 774 1023 813 praetextotos

309 821 403 853 istud
430 821 687 861 glossematium
702 821 907 862 adjectum,
930 821 1023 852 ideo-

309 880 377 913 que
392 870 595 912 tollendum,
608 874 737 902 censet.
751 871 912 904 Potuisse
924 871 1024 903 omit-

311 923 341 954 ti
363 921 486 962 fateor,
509 921 570 954 sed
593 921 748 953 Velleius
770 931 837 954 non
861 921 1024 954 abhorret

307 984 328 1005 a
365 972 492 1005 talibus
530 973 805 1014 adjectiuuculis.
842 973 1023 1006 Boeclerus.

308 1026 492 1057 Praetexta
509 1028 624 1055 autem
641 1023 741 1065 pueri
757 1022 890 1055 nobiles
911 1023 1024 1055 induti

308 1079 529 1117 erantusque
542 1075 584 1106 ad
597 1078 648 1107 17.
663 1084 803 1115 aunum,
819 1067 891 1106 tiim
909 1079 1024 1117 togam

310 1127 444 1159 virilem
462 1126 695 1159 assumebant.

353 1179 396 1210 In
412 1177 570 1218 concione]
610 1179 666 1209 De
687 1177 738 1210 his
762 1177 865 1210 rebus
888 1177 1025 1210 erudite

310 1233 440 1262 tractat
465 1229 682 1271 Onuphrius,
704 1228 767 1261 lib.
789 1229 832 1261 de
862 1228 1024 1270 triumph.

307 1292 414 1324 supra
430 1282 581 1315 laudato.
610 1283 792 1315 Boeclerus.

354 1334 463 1366 Extra
479 1333 602 1374 urbem]
625 1332 680 1366 Ad
697 1334 868 1374 Bellonae,
874 1333 1025 1375 juratus.

311 1384 502 1424 Schegkius.

352 1436 439 1468 Ante
452 1435 582 1477 paucos]
609 1436 765 1470 Quorum
793 1435 881 1468 alter
906 1435 1025 1468 trium·-

311 1488 414 1529 phum
430 1488 539 1530 patris
554 1487 675 1520 funere
691 1498 753 1520 suo
768 1493 926 1530 quartum
944 1493 1026 1520 ante

310 1538 402 1571 diem
433 1540 635 1580 praecessit:
674 1539 764 1571 alter
794 1539 830 1571 in
860 1539 1026 1581 triumphi

310 1598 415 1622 curru
436 1594 656 1631 conspectus,
678 1594 758 1631 post
774 1590 864 1627 diem
881 1590 1024 1622 tertium

309 1640 514 1682 exspiravit.
559 1640 735 1681 Valerius,
751 1641 882 1681 Livius,
892 1641 1027 1672 Seneca

310 1701 363 1723 1v.
395 1691 578 1723 declamat.
607 1691 827 1724 Plutarchus.
856 1692 941 1733 Ejus
969 1701 1026 1723 vo·

311 1746 386 1775 tum
409 1743 590 1783 eleganter
606 1741 699 1783 apud
722 1742 856 1779 Livium
872 1746 909 1774 et
924 1742 1027 1774 Vale-

309 1793 412 1833 rium,
427 1792 519 1834 apud
537 1802 638 1834 quem
657 1802 719 1834 pro
741 1791 780 1824 τὸ
793 1793 1028 1834 proventufeli-

308 1844 430 1885 citatis,
467 1843 503 1875 in
536 1844 634 1876 Vett.
665 1848 816 1885 provectu
843 1844 1027 1884 felicitatis.

313 1893 424 1926 Idem.

354 1945 402 1976 Et
413 1945 538 1986 quidem
550 1946 689 1987 consors]
714 1946 886 1979 Placebat
909 1947 1027 1988 legere

310 2006 455 2029 concors:
473 1997 532 2028 sed
550 1997 681 2038 desino,
696 2007 773 2029 cum
789 1998 824 2029 in
837 1998 934 2037 Livio
948 2008 1028 2040 quo-

311 2057 378 2090 que
408 2047 521 2087 legam
539 2048 626 2079 libro
640 2057 712 2080 xm.
734 2049 743 2066 ‘
758 2049 881 2081 Frater
894 2042 1028 2090 germa—

310 2108 387 2139 nus,
415 2103 464 2140 et,
501 2103 539 2130 nt
571 2099 730 2131 Valerius
759 2099 893 2132 Antias¹
910 2099 1029 2142 tradit,

311 2149 463 2181 censoris
491 2150 597 2181 etiam
628 2159 768 2181 consors
794 2151 894 2182 erat!
939 2150 1030 2182 Con-

313 2205 443 2232 sortem
473 2205 589 2232 autem
620 2200 676 2232 hic
711 2201 925 2243 interpretor
951 2211 1029 2233 cum

313 2251 446 2283 Glossis
461 2251 582 2292 priscis
595 2249 760 2292 κοινόβιον,
770 2252 925 2292 ejusdem
935 2261 1030 2294 men7

313 2313 363 2336 sae
380 2303 606 2345 ejusdemque
618 2305 714 2337 tecti.
740 2304 876 2345 Lipsius.

357 2354 481 2387 Senatu
507 2359 609 2386 motus
635 2355 698 2395 est]
724 2355 815 2389 Quia
845 2356 1030 2397 legionem,

314 2405 352 2438 in
368 2415 438 2447 qua
450 2405 608 2437 tribunus
624 2406 771 2437 militurn
792 2411 881 2445 erat,
896 2406 1029 2447 injussu

314 2457 466 2490 consulis
506 2457 695 2489 dimiserat.
743 2457 931 2488 Frontinus
970 2456 1031 2489 lib.

315 2517 369 2547 nc.
392 2507 527 2546 ,Cicero
554 2507 589 2538 in
623 2507 784 2545 Verrinis,
815 2506 948 2546 Plinius
971 2506 1031 2538 lib.

314 2567 386 2598 vn.
410 2558 526 2591 Livius
540 2558 598 2590 lib.
615 2567 690 2590 xm.
715 2557 900 2597 Scheglcius.

362 2610 453 2650 CAP.
471 2613 524 2642 11.
549 2609 667 2640 Libera
681 2608 838 2649 custodia]
852 2607 966 2639 Credo
984 2607 1033 2639 sic

315 2659 457 2702 dictam,
466 2660 539 2692 sive
548 2660 637 2702 quod
649 2661 738 2692 intra
745 2668 860 2691 certos
872 2659 1035 2691 terminos

314 2710 426 2743 libera
437 2711 624 2753 ambulatio
639 2711 814 2752 permissa,
828 2710 900 2741 sive
912 2710 954 2741 ad
967 2710 1036 2742 dis-

318 2759 449 2805 crimen
460 2770 580 2803 carcer
583 2762 628 2792 is·
621 2784 630 2801 ,
652 2762 732 2803 quia
744 2762 777 2792 iu
787 2761 877 2806 hunc
890 2760 1037 2802 scelera,

318 2794 460 2854 flagitia,
478 2817 583 2854 atque
606 2812 744 2844 servilia
760 2822 862 2854 poena
878 2811 1035 2854 dignissi-

319 2870 376 2894 ma
397 2860 466 2894 faex
494 2862 775 2907 conjiciebatur,
804 2862 950 2896 inillam
965 2871 1034 2897 non

618 267 764 299 NOTAE
797 265 1067 298 VARIORUM
1099 265 1152 297 IN

1188 265 1475 298 PATERCULI

1072 361 1136 394 nisi
1151 361 1209 405 qui
1227 362 1373 404 alicujus
1400 360 1611 404 dignationis
1635 359 1788 403 liberali}

1074 422 1141 455 que
1160 422 1262 454 poena
1275 413 1382 455 digni,
1413 413 1600 445 Senatores
1625 411 1789 444 nimirum

1075 465 1131 497 vel
1156 464 1261 497 duces
1284 465 1424 507 captivi.
1468 465 1651 507 Colligitur
1665 473 1711 496 ex
1731 463 1789 496 Ci-

1074 516 1208 554 ceronis
1223 517 1334 549 Bruto
1349 528 1358 549 z
1387 517 1397 534 ‘
1411 516 1541 557 Domi,'
1561 517 1621 556 ait,
1648 517 1659 534 ‘
1671 520 1789 548 teneaa-

1074 577 1148 598 mus
1172 577 1247 599 earn
1276 572 1410 609 septam
1436 567 1574 599 liberali
1594 564 1788 606 custodia?

1074 622 1110 650 et
1125 618 1278 650 Sallustii
1296 618 1510 651 Catilinario.
1527 618 1635 650 Plura
1650 617 1788 650 notavit

1073 668 1117 701 ad
1133 669 1291 701 Tacitum
1307 669 1360 700 vir
1382 678 1554 711 nunquam
1569 668 1652 700 satis
1666 667 1787 702 lauda-

1075 725 1142 760 tus,
1158 724 1194 752 et
1217 721 1318 762 cnjus
1344 730 1480 760 caussa,
1504 719 1680 752 corculum
1701 718 1787 751 iliud

1075 771 1164 804 Cato
1179 772 1324 803 haeresin
1345 781 1440 803 suam
1465 771 1641 811 migraret,
1666 770 1790 803 Jonas

1075 821 1224 863 Lipsius.
1249 822 1348 855 Idem.
1392 821 1511 854 Libera
1539 821 1697 862 custodia]
1730 821 1788 861 Li-

1073 872 1165 904 beris
1181 873 1346 905 custodiis
1371 873 1490 905 Romae
1511 873 1649 915 quidem
1663 873 1789 915 magis.-

1075 928 1228 956 tratuum
1256 928 1316 956 aut
1331 929 1537 965 senatorum,
1555 924 1676 956 domus
1692 923 1787 956 adhi-

1076 975 1157 1007 bitae
1171 987 1179 1007 :
1197 974 1259 1008 sed
1271 979 1307 1007 et
1320 976 1560 1008 munitioribus
1575 975 1713 1018 oppidis
1725 985 1788 1018 per

1075 1026 1213 1058 Italiam
1248 1027 1380 1068 captivi
1423 1027 1658 1059 honoratiores
1693 1035 1788 1069 saepe

1074 1078 1313 1110 servabantur.
1367 1078 1485 1111 Livius
1514 1087 1597 1111 va.
1637 1079 1647 1097 ‘
1662 1078 1789 1111 Patres

1075 1133 1296 1169 censuerunt,
1322 1133 1361 1161 nt
1375 1129 1526 1162 Quintus
1543 1129 1681 1173 Cassius
1701 1129 1789 1163 Per-

1075 1190 1134 1212 sea
1146 1178 1264 1221 regem
1279 1190 1356 1212 cum
1368 1180 1568 1212 Alexandro
1579 1180 1650 1213 filio
1662 1179 1788 1213 Albam

1074 1231 1110 1263 in
1141 1231 1333 1263 custodiam
1363 1231 1522 1263 duceret.
1566 1231 1670 1273 Bitis,
1694 1230 1788 1273 regis

1073 1282 1244 1314 Thracum
1261 1281 1364 1323 filius,
1375 1291 1453 1314 curn
1469 1281 1647 1314 obsidibus
1664 1282 1699 1314 in
1713 1291 1792 1315 eut·

1076 1333 1204 1365 todiam
1234 1333 1417 1365 Carseolos
1440 1337 1494 1365 est
1510 1333 1642 1366 missus.
1687 1334 1791 1366 Cete-

1075 1394 1131 1417 ros
1146 1385 1316 1426 captivos,
1343 1385 1401 1428 qui
1428 1385 1461 1416 in
1493 1385 1669 1427 triumpho
1690 1385 1793 1419 ducti

1075 1440 1188 1476 erant,
1224 1436 1260 1468 in
1294 1445 1470 1468 carcerem
1494 1435 1598 1468 condi
1636 1437 1789 1477 placuit:

1077 1486 1166 1518 adde
1184 1496 1213 1519 c.
1228 1489 1284 1518 43.
1329 1486 1385 1518 De
1401 1485 1492 1518 Alba
1508 1486 1788 1521 aiamim-xxx·

1075 1547 1106 1569 c.
1124 1540 1176 1569 17.
1193 1538 1390 1579 exemplum
1402 1537 1588 1569 habemus:
1606 1538 1663 1570 ubi
1683 1543 1790 1580 capto

1075 1588 1246 1630 Syphace,
1273 1588 1445 1620 ‘consulti
1465 1592 1594 1630 patres,
1620 1599 1737 1631 regem
1751 1590 1790 1622 in

1076 1639 1267 1672 custodiam
1293 1638 1419 1671 Albam
1445 1640 1676 1672 mittendum!
1723 1642 1791 1674 Rus

1077 1690 1127 1722 tio
1144 1689 1236 1732 apud
1250 1690 1408 1722 Strabon.
1425 1699 1459 1723 v.
1476 1691 1607 1732 duplex
1619 1691 1790 1735 redditur,

1075 1743 1085 1761 ‘
1102 1744 1263 1785 quoniam
1293 1743 1330 1775 in
1360 1744 1601 1784 penetralibus
1639 1745 1790 1787 regionis

1077 1794 1144 1826 sita
1160 1793 1263 1834 Alba,
1286 1798 1324 1826 et
1345 1799 1522 1835 praeterea
1536 1795 1644 1836 probe
1654 1795 1790 1828 munita

1076 1844 1192 1877 esset.’
1237 1845 1294 1876 De
1310 1844 1422 1876 libera
1436 1846 1592 1878 custodia
1604 1846 1676 1888 egit
1690 1847 1791 1887 Lips-

1076 1895 1121 1927 ad
1143 1896 1225 1927 Tac.
1251 1894 1296 1928 A.
1314 1904 1364 1928 v1.
1388 1898 1420 1927 3.
1435 1899 1468 1928 4.
1483 1901 1519 1928 et
1533 1896 1665 1929 savaro
1679 1897 1724 1930 ad
1736 1897 1791 1930 si-

1076 1946 1156 1981 don.
1173 1946 1232 1979 lib.
1249 1956 1277 1979 1.
1290 1947 1393 1988 epist.
1409 1949 1441 1978 7.
1466 1948 1648 1981 Boeclerus.
1773 1972 1778 1980 .

1120 1996 1422 2038 Pseudophilippus]
1462 1997 1519 2029 Ob
1545 1998 1793 2033 orisvsimilitu-

1077 2048 1205 2086 dinem,
1243 2049 1303 2091 qui
1347 2053 1384 2080 et
1414 2047 1618 2082 Andriscus.
1656 2049 1791 2083 Florus.

1077 2099 1265 2140 Schegkius.

1077 2154 1081 2157 ‘
1123 2151 1203 2181 Cum
1232 2153 1313 2182 esset
1327 2149 1463 2191 ultimoe]
1491 2151 1594 2183 Floro
1610 2154 1684 2183 est:
1710 2151 1720 2170 ⁴
1738 2151 1792 2184 vir

1077 2202 1208 2234 ultimae
1235 2202 1336 2234 sortis
1366 2201 1570 2242 Andriscus,
1593 2201 1734 2235 dubium
1750 2203 1791 2236 li-

1078 2253 1140 2285 ber
1178 2263 1221 2284 an
1250 2263 1382 2295 servus,
1411 2253 1644 2285 mercenarius
1667 2253 1791 2289 certe.'

1078 2303 1251 2336 Ammian.
1281 2303 1476 2335 Marcellin.
1503 2311 1580 2335 xxv.
1596 2306 1652 2335 40.
1672 2303 1791 2336 etlan-

1078 2354 1194 2386 cianus
1224 2353 1300 2396 πρὸς
1324 2353 1524 2393 ἀπαίδευτον,
1557 2353 1614 2385 ‘in
1643 2352 1793 2391 fullonio

1078 2404 1208 2443 natum'
1253 2404 1386 2437 dicunt.
1438 2405 1590 2437 Zonaras
1628 2409 1654 2436 t.
1685 2413 1726 2437 11.
1754 2414 1791 2446 p..

1080 2458 1154 2488 114.
1178 2456 1235 2498 qui
1258 2456 1342 2488 satis
1358 2457 1495 2497 copiose
1510 2455 1597 2487 hanc
1612 2450 1800 2493 historiam

1079 2506 1211 2546 scribit,
1237 2516 1316 2538 cum
1339 2507 1544 2538 Marcellino
1563 2506 1711 2547 patriam
1731 2514 1794 2546 ex,-

1081 2557 1216 2599 primit,
1239 2558 1479 2590 Adramitenum
1501 2567 1638 2590 vocam.
1661 2557 1792 2593 Boeth-

1081 2619 1146 2641 rus.

1124 2659 1298 2700 Assumtis]
1323 2659 1379 2691 Ita
1400 2666 1495 2691 recte
1511 2658 1708 2692 emendavit
1723 2659 1794 2692 Bu-

1084 2710 1206 2743 rerius.
1251 2710 1363 2751 Vulgo
1374 2709 1542 2751 adsumpti.

1127 2760 1205 2794 Siue
1229 2760 1445 2802 inscriptione]
1489 2760 1622 2792 Plinius
1650 2759 1695 2792 de
1724 2759 1794 2793 his-

1084 2812 1190 2844 dem:
1222 2814 1231 2830 ‘
1245 2812 1367 2854 Neque
1383 2811 1514 2843 saun-on
1531 2815 1569 2843 et
1582 2806 1794 2847 Batrachum

1084 2862 1262 2896 obliterari
1275 2862 1450 2904 convenit,
1461 2861 1520 2905 qui
1533 2859 1652 2895 fecere
1664 2860 1795 2904 templa
