2008 3210
382 245 469 287 354

381 350 520 394 conspici
532 341 663 392 possint.
711 350 756 383 Ue
767 360 837 393 quae
843 350 992 392 facilins]
1006 350 1096 383 Scri·

382 403 549 444 bendum,
568 403 766 444 Notabimns,
788 407 824 435 nt
842 402 989 444 facilius,
1004 413 1097 445 quam

380 454 539 496 partibus,
552 453 645 486 simul
659 453 804 486 universa
819 454 954 496 conspici
963 455 1097 496 possint.

384 505 465 537 Hac
492 507 619 537 mente.
663 506 737 545 Ego
751 504 852 536 simul
876 508 914 537 et
935 508 974 538 ut
997 504 1032 537 in
1048 509 1099 538 ta-

383 555 468 588 bula
493 564 698 597 proponam‚
720 558 758 586 ut
781 555 895 588 lector
921 564 965 588 ea
989 556 1097 598 magis

383 615 454 637 uno
480 605 604 638 obtutu
630 614 759 647 capere
790 609 828 638 et
856 605 958 639 simul
983 608 1098 640 animo

384 656 541 698 infigere,
556 665 658 699 quam
685 656 780 690 varie
801 656 957 700 diducta,
979 659 1099 701 possit.

385 707 527 749 Lipsius.
577 707 621 739 Ue
645 717 714 749 quoe
728 706 876 750 facilius]
899 709 1005 752 Lege,
1028 708 1098 742 Sti·

383 759 500 800 pendia
519 762 616 801 pacta
638 760 703 794 sit.-
736 761 859 794 notatis
881 765 917 794 ut
939 760 1099 803 partibas,

378 809 514 848 facilius
536 809 631 843 simul
645 812 792 844 universa
815 811 961 854 conspici·
967 811 1099 853 possint.

388 859 445 892 An
474 860 582 902 magis
610 861 696 894 hoc?
729 862 920 894 Notabimns
940 861 1101 904 partibas,

387 914 424 943 ut
444 910 582 950 facilius
603 912 698 945 simui
721 913 867 945 universa
880 912 1018 954 conspici
1028 922 1100 954 pos-

387 964 465 1000 sint.
498 963 665 997 Partibus
682 969 813 1008 notare,
825 970 879 999 est
893 976 957 1008 per
974 970 1102 1008 partes,

389 1024 452 1047 seu
473 1015 708 1057 particulatim
722 1020 858 1056 notare.
902 1016 960 1050 Sic
975 1016 1019 1049 ab
1042 1017 1103 1049 ali-

389 1070 476 1108 quot
500 1066 622 1099 lineis:
645 1066 656 1085 ‘
672 1067 759 1099 Inde
775 1067 869 1099 varie
893 1077 1050 1110 possessa
1065 1071 1103 1100 et

387 1117 512 1151 amissa
535 1118 704 1160 partibus,
724 1118 885 1151 universa
901 1118 1010 1152 ductu
1031 1117 1103 1151 Au-

390 1170 482 1211 gusti
498 1169 592 1203 facta
606 1168 832 1212 stipendiaria
845 1169 923 1204 est.’
967 1169 1010 1202 In
1026 1179 1104 1212 par-

389 1220 483 1253 tibus
496 1226 560 1263 pro
575 1220 696 1254 eodem
711 1219 819 1254 infra:
845 1221 855 1240 ‘
872 1221 1009 1256 Horum
1025 1229 1102 1254 xvx.

390 1282 556 1305 annorum
587 1281 696 1314 opera
734 1272 823 1315 quis,
869 1281 948 1305 cum
977 1272 1105 1304 inserta

390 1323 459 1356 sint
474 1322 583 1355 oculis
595 1322 784 1365 animisque
799 1323 963 1363 omnium,
974 1322 1010 1354 in
1026 1332 1104 1364 par-

391 1373 482 1406 tibus
508 1372 725 1416 eloquatur?
757 1373 856 1407 Nihil
871 1373 1018 1416 agimus,
1034 1377 1105 1405 ter-

392 1424 479 1456 tium
493 1423 594 1466 dabo,
620 1424 657 1457 in
673 1433 739 1467 quo
761 1424 919 1464 manebo,
941 1422 1105 1466 Apolline

392 1476 546 1510 volente.
603 1476 823 1519 Exemplaris
853 1476 971 1509 Aldini
1001 1477 1107 1519 scrip-

393 1531 473 1559 tura
490 1530 578 1559 est:
615 1527 792 1559 notabimus
814 1526 958 1568 facilins,
978 1530 1015 1559 nt
1036 1536 1105 1568 qnoe

390 1577 536 1619 partibus
556 1578 652 1610 simul
665 1579 811 1610 universa
824 1578 963 1620 conspici
974 1578 1106 1620 possint.

394 1628 490 1663 Hinc
520 1638 586 1671 ego
621 1629 715 1661 nulla
745 1638 866 1661 vocum
903 1628 1106 1668 mutatione,

361 1681 367 1685 ’
393 1680 567 1713 levissima
577 1680 808 1720 traductione,
817 1683 973 1712 errantes
980 1683 1017 1711 et
1027 1677 1108 1712 ssuc-

394 1734 532 1763 mantes
547 1730 714 1763 lectiones
730 1730 781 1762 sic
794 1729 954 1762 stabilio:
988 1732 1024 1762 nt
1038 1739 1108 1771 qnoe

391 1782 538 1824 partibus
560 1781 749 1822 notabimus,
765 1780 898 1822 facilius
921 1780 1015 1812 simtd
1036 1780 1108 1813 uni-

395 1842 486 1865 versa
500 1832 637 1874 conspici
650 1832 781 1874 possint.
804 1830 941 1864 Acidal.
981 1830 1027 1862 Ut
1039 1839 1110 1872 quoe

388 1882 537 1924 facilius]
574 1883 672 1915 Bene
704 1882 923 1915 observatum
949 1881 1108 1922 Popmae,

395 1935 431 1967 id
446 1935 557 1966 latere
569 1933 605 1965 in
622 1942 705 1966 voce
722 1931 936 1975 praecedenti
952 1931 1007 1964 sit.
1038 1931 1110 1964 Ita·

396 1995 464 2028 que
479 1985 596 2017 locum
618 1984 709 2016 hunc
723 1983 773 2016 sic
788 1981 1040 2015 emendandum
1057 1992 1109 2015 ar-

397 2035 530 2068 bitror:
555 2034 595 2066 Id
616 2034 804 2075 notabimus,
811 2032 944 2072 facilius
958 2036 1007 2074 ut,
1020 2042 1111 2075 quam

369 2079 373 2084 ’
394 2084 554 2127 partibus,
567 2083 662 2117 simul
675 2083 820 2116 universa
834 2083 969 2125 conspici
979 2084 1111 2125 possint.

396 2135 552 2178 Vossius.

441 2186 573 2219 Primus
585 2185 619 2218 in
636 2182 796 2226 Siciliam]
827 2184 932 2217 Errat
945 2182 1111 2220 Velleius.

396 2238 518 2272 Sicilia
532 2242 664 2280 praeter
688 2246 835 2279 regnum
858 2236 1111 2278 Syracusanum

397 2290 521 2324 iisdem
559 2289 784 2332 temporibus,
820 2287 895 2330 quis
938 2286 1110 2328 Sardinia,

395 2340 577 2383 provincia
591 2338 697 2373 facta.
735 2339 883 2379 Solinus,
899 2338 1110 2381 Pomponius

395 2391 456 2425 De
493 2389 639 2431 Origine
668 2389 771 2432 juris.
828 2389 998 2424 Universa
1030 2398 1110 2422 cum

396 2451 505 2485 regno
531 2442 748 2483 syracusano
777 2450 847 2474 uon
879 2450 901 2473 a
929 2439 1112 2481 Marcello,

397 2493 460 2527 sed
472 2493 523 2525 M.
538 2492 680 2525 Valerio
697 2491 848 2528 Laevino.
893 2491 948 2524 De
974 2490 1110 2533 provin-

398 2544 462 2585 ciis
490 2547 569 2588 post
594 2542 771 2585 Sigonium
791 2552 915 2584 pauca,
930 2542 998 2575 imo
1013 2541 1111 2583 nihil,

427 2594 517 2639 'cere
530 2594 654 2628 habeo.
700 2593 792 2627 Satis
808 2593 854 2626 sit
869 2593 1053 2634 monuisse,
1075 2593 1111 2626 in

399 2655 427 2688 p
440 2645 556 2679 urimis
589 2644 762 2682 Volteium
794 2644 963 2679 victorem
998 2643 1111 2685 gentis

401 2706 479 2731 cum
494 2694 730 2739 pacificatore,
744 2704 822 2727 eum
838 2694 930 2735 dico,
945 2693 1002 2737 qui
1019 2694 1114 2737 pacis

400 2747 614 2781 conditiones
623 2746 724 2787 jussu
748 2745 868 2788 populi
890 2745 1022 2788 tulerit,
1035 2753 1114 2778 con-

369 2796 372 2799 ”
399 2797 547 2831 fundere
562 2798 737 2841 imperite.
770 2797 905 2838 Schegla.

446 2848 558 2891 ccum]
583 2849 660 2881 Nisi
682 2849 790 2882 omnis
814 2848 1039 2883 calculatoria
1058 2857 1112 2881 me

693 253 837 286 1⁸:0⁹1·AE
872 252 1142 287 VARIORUM
1175 253 1229 288 IN
1262 254 1549 289 PATERGULI

1145 350 1250 393 fugit,
1285 356 1445 394 superest
1479 353 1535 385 bic
1561 351 1759 386 centenaria
1795 361 1855 386 no·

1147 406 1193 434 ta.
1238 402 1327 434 Nam
1357 412 1442 436 ecce
1458 402 1577 436 Africa
1614 404 1744 436 intrata
1765 413 1857 437 auno

1145 459 1366 485 ccccxcvnr.
1388 453 1562 495 Carthago
1582 452 1712 495 deleta,
1738 461 1855 487 nevu.

1145 502 1229 545 quid
1238 505 1383 546 amplius
1392 505 1588 548 quamJusti
1598 505 1770 538 intersunt
1776 506 1858 539 anui

1147 555 1226 587 cv.?
1255 554 1356 587 Tolle
1369 565 1454 597 ergo
1475 554 1609 597 grande
1630 555 1696 589 boc
1712 554 1857 598 ἀντικρύ·

1147 614 1253 646 utana.
1282 605 1423 648 Lipsius.

1190 655 1300 689 Annos
1314 656 1494 699 cmxxxix]
1512 657 1750 699 auno-rmum
1765 658 1860 692 evin·

1148 706 1211 747 cit,
1224 714 1361 741 cmxxv.
1398 708 1516 741 Facile
1532 708 1695 750 colligere
1711 718 1756 742 ex
1766 718 1860 742 auno

1143 756 1368 799 'Carthaginis
1385 758 1510 791 deletae
1525 759 1598 801 jam
1613 759 1733 804 dictor,
1758 758 1859 793 laem.

1195 807 1340 849 Certum]
1376 808 1568 851 Eleganter
1592 813 1712 843 certum
1732 810 1860 852 jugum,

1149 868 1213 900 pro
1238 858 1338 892 firmo
1363 864 1401 893 et
1427 865 1611 902 perpetuo.
1654 861 1712 895 Sic
1737 862 1862 895 Florus

1121 954 1125 957 ὴ
1149 907 1209 942 lib.
1225 917 1277 941 ιν.
1290 919 1369 951 cap.
1385 910 1450 943 ult.
1471 909 1482 929 ‘
1500 911 1606 944 Certa
1628 920 1708 945 mox
1722 911 1810 947 fides
1825 917 1863 946 et

1151 964 1283 991 aeterua
1298 969 1368 1002 pax
1393 970 1471 993 cum
1497 960 1648 1003 ipsorum
1671 963 1810 1006 ingenio
1826 964 1863 998 in

1151 1010 1247 1052 pacis
1269 1016 1386 1052 partes
1405 1012 1619 1054 promptiore
1634 1017 1672 1046 et
1687 1022 1766 1046 cum
1781 1023 1863 1047 con·

1149 1060 1225 1093 silio
1241 1060 1411 1094 Caesaris)
1440 1062 1597 1094 Martiali
1613 1062 1624 1081 ⁴
1639 1062 1784 1096 Certus’
1797 1062 1864 1097 fre—

1152 1116 1301 1155 quenter
1316 1121 1379 1155 pro
1391 1113 1476 1146 duro
1487 1119 1523 1147 et
1535 1113 1733 1149 obstinato:
1756 1115 1818 1149 lib.
1829 1123 1867 1148 v·

1152 1163 1187 1195 in
1203 1163 1420 1198 Marianum:
1455 1165 1466 1183 ‘
1484 1165 1543 1199 Nil
1558 1166 1642 1199 mihi
1655 1165 1866 1209 respondes?

1153 1214 1270 1248 uxoris
1297 1224 1352 1247 res
1379 1215 1465 1258 agit,
1494 1216 1620 1259 inquis,
1656 1216 1730 1250 Iste
1755 1226 1866 1250 mete:

1153 1275 1238 1299 sane
1253 1271 1370 1298 certus
1394 1271 1431 1300 et
1455 1277 1557 1310 asper
1571 1268 1672 1301 homo
1685 1268 1764 1301 est!
1783 1267 1864 1302 Lib.

1154 1325 1181 1348 1.
1206 1317 1249 1349 ad
1274 1316 1462 1350 Phoebum:
1485 1318 1495 1336 ‘
1514 1318 1585 1351 Fac
1607 1322 1686 1351 rata
1699 1322 1784 1352 vota
1804 1327 1866 1360 pa·

1154 1367 1216 1400 tris
1231 1378 1240 1400 2
1256 1367 1305 1400 sic
1321 1372 1356 1400 te
1371 1371 1432 1400 tua
1447 1367 1569 1410 diligat
1584 1378 1685 1410 uxor,
1705 1368 1868 1402 Gaudent

1154 1421 1191 1450 et
1221 1420 1319 1450 certa
1347 1417 1547 1459 virginitate
1578 1418 1700 1455 soror!
1743 1419 1866 1453 Cicero

1155 1468 1268 1510 Epist.
1294 1468 1337 1501 ad
1361 1467 1438 1502 Att.
1453 1469 1628 1503 21.1ib.v.
1643 1473 1780 1504 certum
1805 1470 1867 1502 ho-

1154 1519 1294 1562 minem,
1318 1529 1383 1562 pro
1410 1521 1508 1562 gravi
1534 1524 1572 1553 et
1595 1520 1747 1554 moribus
1776 1521 1867 1554 anti·

1154 1569 1244 1612 quis.
1264 1572 1274 1588 ‘
1291 1571 1337 1604 Q.
1362 1570 1556 1612 Volusium,
1580 1571 1634 1603 tui
1655 1570 1786 1605 Tiberii
1807 1581 1867 1614 ge-

1154 1629 1290 1661 nerum,
1305 1623 1440 1653 certum
1454 1621 1638 1661 hominem,
1649 1621 1710 1654 sed
1724 1621 1868 1658 mirifice

1154 1671 1259 1703 etiam
1282 1670 1529 1712 abstinentem,
1542 1671 1622 1705 misi
1637 1671 1672 1704 in
1687 1671 1868 1715 Cyprum!

1155 1723 1350 1765 Saepissime
1365 1727 1403 1756 et
1417 1723 1623 1765 Propertius
1648 1723 1694 1757 de
1718 1723 1870 1766 Cynthia

1156 1772 1331 1815 rigidiore,
1345 1778 1381 1806 et
1396 1773 1431 1807 in
1446 1774 1498 1806 ira
1513 1774 1707 1816 pertinace,
1718 1774 1815 1817 cujus
1831 1778 1869 1807 te

1157 1824 1393 1866 exemplorum
1420 1824 1584 1867 congerie
1608 1834 1678 1863 non
1703 1825 1868 1859 onerabo.

1158 1874 1287 1915 Acidal.
1601 1885 1603 1888 ’
1856 1898 1858 1900 -

1200 1925 1304 1958 Semel
1323 1925 1382 1958 sub
1405 1925 1548 1968 regibus]
1570 1927 1650 1960 Hoc
1673 1926 1736 1965 sub
1752 1927 1868 1961 Numa

1156 1976 1261 2009 fuisse
1277 1977 1420 2019 factum,
1435 1978 1561 2020 notius,
1574 1987 1676 2021 quam
1689 1982 1730 2012 ut
1743 1977 1870 2012 referri

1158 2027 1299 2066 debeat.
1334 2028 1509 2062 Caeterum
1533 2038 1601 2062 non
1617 2028 1779 2063 contineo
1803 2038 1870 2071 me,

1159 2080 1241 2122 quin
1269 2080 1335 2112 bac
1349 2080 1531 2113 occasione
1556 2080 1738 2113 Plutarchi
1753 2085 1869 2123 patro-

1161 2131 1289 2164 cinium
1312 2130 1510 2173 suscipiam.
1547 2131 1679 2165 Scribit
1693 2132 1737 2174 is,
1763 2132 1796 2165 ἐν
1823 2134 1870 2173 τῷ·

1160 2181 1230 2224 περὶ
1245 2183 1308 2214 rav
1321 2180 1476 2222 Ῥωμαίων
1485 2181 1599 2223 τύχης,
1616 2183 1709 2217 iuter
1723 2183 1869 2226 primam

1160 2240 1199 2268 et
1225 2236 1369 2268 alteram
1394 2234 1476 2268 Jani
1498 2235 1623 2266 κλεῒσιν
1657 2236 1765 2267 annos
1793 2243 1871 2268 esse

1160 2285 1416 2329 quadringenos
1445 2290 1481 2317 et
1505 2288 1703 2326 octogenos.
1758 2285 1871 2318 Recte

1161 2345 1256 2369 sane.
1301 2336 1335 2368 N
1338 2339 1474 2368 umerat
1488 2336 1581 2368 enim
1597 2335 1640 2368 ab
1654 2335 1756 2368 initio
1770 2336 1871 2378 regni

1160 2385 1383 2429 Pompiliani,
1396 2386 1488 2430 quod
1503 2396 1667 2419 annorum
1682 2385 1749 2420 fuit
1763 2394 1873 2420 xum.

1159 2437 1224 2469 Vir
1238 2441 1352 2470 autem
1366 2435 1504 2479 doctus,
1518 2437 1578 2480 qui
1603 2432 1671 2470 non
1697 2437 1873 2471 dubitavit

1160 2487 1334 2530 integrum
1349 2493 1455 2530 caput
1471 2497 1691 2531 componere,
1703 2493 1744 2521 ut
1757 2493 1873 2524 osten-

1161 2538 1263 2574 deret
1288 2539 1515 2572 Plutarchum
1549 2539 1766 2573 committere
1790 2539 1874 2573 ἅντι-

1161 2588 1317 2632 χρόνισμα
1332 2599 1496 2623 annorum
1510 2590 1678 2632 nv1.,in
1689 2599 1733 2623 eo
1743 2591 1872 2632 lapsus

1163 2645 1229 2682 est,
1243 2641 1336 2688 quod
1351 2649 1532 2674 numerare
1546 2639 1719 2682 inceperit
1737 2649 1758 2672 a
1780 2639 1873 2673 bello

1162 2691 1314 2734 Albano,
1342 2691 1415 2724 sive
1440 2692 1532 2725 Jano
1559 2691 1707 2733 primum
1735 2695 1871 2733 aperto.

1163 2743 1268 2779 Quod
1300 2743 1335 2776 in
1362 2752 1415 2775 VI.
1442 2742 1535 2775 Tulli
1566 2751 1692 2775 anuum
1717 2742 1870 2775 incidere

1163 2805 1207 2828 ex
1237 2794 1389 2828 Eusebio
1413 2794 1535 2837 liquet.
1590 2794 1715 2836 Itaque
1736 2793 1873 2826 ‘nemini

1164 2846 1303 2880 dubium
1330 2844 1406 2879 fore
1435 2844 1597 2888 arbitror,
1618 2844 1703 2888 'quin
1733 2844 1870 2878 Plutar-
