<?xml version="1.0" encoding="UTF-8"?>
<!DOCTYPE html PUBLIC "-//W3C//DTD XHTML 1.0 Transitional//EN"
    "http://www.w3.org/TR/xhtml1/DTD/xhtml1-transitional.dtd">
<html xmlns="http://www.w3.org/1999/xhtml" xml:lang="en" lang="en">
 <head>
  <title>
</title>
<meta http-equiv="Content-Type" content="text/html;charset=utf-8" />
  <meta name='ocr-system' content='tesseract 3.04.00' />
  <meta name='ocr-capabilities' content='ocr_page ocr_carea ocr_par ocr_line ocrx_word'/>
</head>
<body>
  <div class='ocr_page' id='page_1' title='image "./historiaromanaex00velluoft_0038.png"; bbox 0 0 2002 3250; ppageno 0'>
   <div class='ocr_carea' id='block_1_1' title="bbox 271 256 1208 303">
    <p class='ocr_par' dir='ltr' id='par_1_1' title="bbox 271 256 1208 303">
     <span class='ocr_line' id='line_1_1' title="bbox 271 256 1208 303; baseline 0.002 -2"><span class='ocrx_word' id='word_1_1' title='bbox 271 256 333 301; x_wconf 81' lang='lat'><strong>26</strong></span> <span class='ocrx_word' id='word_1_2' title='bbox 813 269 1208 303; x_wconf 75' lang='lat' dir='ltr'><strong>PROLEGOMENA.</strong></span> 
     </span>
    </p>
   </div>
   <div class='ocr_carea' id='block_1_2' title="bbox 252 374 1753 2910">
    <p class='ocr_par' dir='ltr' id='par_1_2' title="bbox 258 374 1753 2019">
     <span class='ocr_line' id='line_1_2' title="bbox 269 374 1749 435; baseline 0 -14"><span class='ocrx_word' id='word_1_3' title='bbox 269 379 438 421; x_wconf 35' lang='lat' dir='ltr'><strong>*sertum</strong></span> <span class='ocrx_word' id='word_1_4' title='bbox 465 380 774 429; x_wconf 86' lang='lat' dir='ltr'><strong>enarratorem,</strong></span> <span class='ocrx_word' id='word_1_5' title='bbox 805 378 851 420; x_wconf 89' lang='lat' dir='ltr'><strong>in</strong></span> <span class='ocrx_word' id='word_1_6' title='bbox 885 382 1084 435; x_wconf 88' lang='lat' dir='ltr'><strong>tempore</strong></span> <span class='ocrx_word' id='word_1_7' title='bbox 1106 379 1342 434; x_wconf 86' lang='lat' dir='ltr'><strong>signando,</strong></span> <span class='ocrx_word' id='word_1_8' title='bbox 1369 379 1529 432; x_wconf 85' lang='lat' dir='ltr'><strong>variat,</strong></span> <span class='ocrx_word' id='word_1_9' title='bbox 1550 378 1623 422; x_wconf 84' lang='lat' dir='ltr'><strong>vel</strong></span> <span class='ocrx_word' id='word_1_10' title='bbox 1642 374 1749 421; x_wconf 73' lang='lat' dir='ltr'><strong>cori·</strong></span> 
     </span>
     <span class='ocr_line' id='line_1_3' title="bbox 271 447 1751 503; baseline -0.001 -12"><span class='ocrx_word' id='word_1_11' title='bbox 271 447 390 491; x_wconf 86' lang='lat' dir='ltr'><strong>sules</strong></span> <span class='ocrx_word' id='word_1_12' title='bbox 409 447 528 499; x_wconf 87' lang='lat' dir='ltr'><strong>anni,</strong></span> <span class='ocrx_word' id='word_1_13' title='bbox 553 447 599 488; x_wconf 91' lang='lat' dir='ltr'><strong>in</strong></span> <span class='ocrx_word' id='word_1_14' title='bbox 618 459 750 501; x_wconf 90' lang='lat' dir='ltr'><strong>quem</strong></span> <span class='ocrx_word' id='word_1_15' title='bbox 770 459 844 488; x_wconf 89' lang='lat' dir='ltr'><strong>res</strong></span> <span class='ocrx_word' id='word_1_16' title='bbox 867 447 1169 490; x_wconf 85' lang='lat' dir='ltr'><strong>memorabilis</strong></span> <span class='ocrx_word' id='word_1_17' title='bbox 1189 448 1397 503; x_wconf 87' lang='lat' dir='ltr'><strong>quaedam</strong></span> <span class='ocrx_word' id='word_1_18' title='bbox 1417 447 1589 499; x_wconf 84' lang='lat' dir='ltr'><strong>incidit,</strong></span> <span class='ocrx_word' id='word_1_19' title='bbox 1610 447 1751 489; x_wconf 92' lang='lat' dir='ltr'><strong>nomi-</strong></span> 
     </span>
     <span class='ocr_line' id='line_1_4' title="bbox 270 514 1753 568; baseline -0.001 -9"><span class='ocrx_word' id='word_1_20' title='bbox 270 529 400 567; x_wconf 88' lang='lat' dir='ltr'><strong>nans,</strong></span> <span class='ocrx_word' id='word_1_21' title='bbox 433 516 503 559; x_wconf 87' lang='lat' dir='ltr'><strong>vel</strong></span> <span class='ocrx_word' id='word_1_22' title='bbox 538 528 704 557; x_wconf 86' lang='lat' dir='ltr'><strong>annum</strong></span> <span class='ocrx_word' id='word_1_23' title='bbox 735 516 868 557; x_wconf 89' lang='lat' dir='ltr'><strong>talem</strong></span> <span class='ocrx_word' id='word_1_24' title='bbox 887 519 1006 558; x_wconf 86' lang='lat' dir='ltr'><strong>retro</strong></span> <span class='ocrx_word' id='word_1_25' title='bbox 1025 530 1263 559; x_wconf 88' lang='lat' dir='ltr'><strong>numerans</strong></span> <span class='ocrx_word' id='word_1_26' title='bbox 1284 517 1389 560; x_wconf 91' lang='lat' dir='ltr'><strong>inde</strong></span> <span class='ocrx_word' id='word_1_27' title='bbox 1418 530 1446 559; x_wconf 90' lang='lat' dir='ltr'><strong>a</strong></span> <span class='ocrx_word' id='word_1_28' title='bbox 1463 516 1662 568; x_wconf 89' lang='lat' dir='ltr'><strong>Vinicio,</strong></span> <span class='ocrx_word' id='word_1_29' title='bbox 1689 514 1753 558; x_wconf 64' lang='lat' dir='ltr'><strong>ad&gt;</strong></span> 
     </span>
     <span class='ocr_line' id='line_1_5' title="bbox 271 584 1752 640; baseline -0.001 -12"><span class='ocrx_word' id='word_1_30' title='bbox 271 598 403 640; x_wconf 88' lang='lat' dir='ltr'><strong>quem</strong></span> <span class='ocrx_word' id='word_1_31' title='bbox 424 584 662 634; x_wconf 84' lang='lat' dir='ltr'><strong>scribebat,</strong></span> <span class='ocrx_word' id='word_1_32' title='bbox 686 585 887 636; x_wconf 89' lang='lat' dir='ltr'><strong>consule,</strong></span> <span class='ocrx_word' id='word_1_33' title='bbox 918 584 963 626; x_wconf 86' lang='lat' dir='ltr'><strong>h.</strong></span> <span class='ocrx_word' id='word_1_34' title='bbox 989 598 1029 627; x_wconf 90' lang='lat' dir='ltr'><strong>e.</strong></span> <span class='ocrx_word' id='word_1_35' title='bbox 1051 585 1156 627; x_wconf 88' lang='lat' dir='ltr'><strong>inde</strong></span> <span class='ocrx_word' id='word_1_36' title='bbox 1173 586 1231 628; x_wconf 90' lang='lat' dir='ltr'><strong>ab</strong></span> <span class='ocrx_word' id='word_1_37' title='bbox 1252 599 1369 629; x_wconf 88' lang='lat' dir='ltr'><strong>anno</strong></span> <span class='ocrx_word' id='word_1_38' title='bbox 1390 585 1448 629; x_wconf 89' lang='lat' dir='ltr'><strong>U.</strong></span> <span class='ocrx_word' id='word_1_39' title='bbox 1471 584 1523 628; x_wconf 88' lang='lat' dir='ltr'><strong>C.</strong></span> <span class='ocrx_word' id='word_1_40' title='bbox 1543 584 1646 628; x_wconf 78' lang='lat'><strong>783.</strong></span> <span class='ocrx_word' id='word_1_41' title='bbox 1675 584 1752 628; x_wconf 82' lang='lat' dir='ltr'><strong>ve}</strong></span> 
     </span>
     <span class='ocr_line' id='line_1_6' title="bbox 270 652 1750 709; baseline -0.001 -12"><span class='ocrx_word' id='word_1_42' title='bbox 270 652 441 697; x_wconf 86' lang='lat' dir='ltr'><strong>addens</strong></span> <span class='ocrx_word' id='word_1_43' title='bbox 472 666 788 709; x_wconf 86' lang='lat' dir='ltr'>nonnunquam</span> <span class='ocrx_word' id='word_1_44' title='bbox 823 653 958 696; x_wconf 88' lang='lat' dir='ltr'><strong>etiam</strong></span> <span class='ocrx_word' id='word_1_45' title='bbox 989 653 1035 695; x_wconf 93' lang='lat' dir='ltr'><strong>in</strong></span> <span class='ocrx_word' id='word_1_46' title='bbox 1068 655 1201 697; x_wconf 88' lang='lat' dir='ltr'><strong>rebus</strong></span> <span class='ocrx_word' id='word_1_47' title='bbox 1241 655 1427 697; x_wconf 84' lang='lat' dir='ltr'><strong>maximi</strong></span> <span class='ocrx_word' id='word_1_48' title='bbox 1459 654 1671 696; x_wconf 85' lang='lat' dir='ltr'><strong>momenti</strong></span> <span class='ocrx_word' id='word_1_49' title='bbox 1705 656 1750 696; x_wconf 88' lang='lat' dir='ltr'><strong>et</strong></span> 
     </span>
     <span class='ocr_line' id='line_1_7' title="bbox 268 721 1749 778; baseline -0.001 -13"><span class='ocrx_word' id='word_1_50' title='bbox 268 722 504 778; x_wconf 83' lang='lat' dir='ltr'><strong>praecipua</strong></span> <span class='ocrx_word' id='word_1_51' title='bbox 518 722 731 764; x_wconf 87' lang='lat' dir='ltr'><strong>memoria</strong></span> <span class='ocrx_word' id='word_1_52' title='bbox 751 721 895 775; x_wconf 85' lang='lat' dir='ltr'><strong>dignis</strong></span> <span class='ocrx_word' id='word_1_53' title='bbox 909 725 1087 765; x_wconf 83' lang='lat' dir='ltr'><strong>aetatem</strong></span> <span class='ocrx_word' id='word_1_54' title='bbox 1101 722 1254 765; x_wconf 88' lang='lat' dir='ltr'><strong>Urbis.</strong></span> <span class='ocrx_word' id='word_1_55' title='bbox 1296 723 1537 774; x_wconf 82' lang='lat' dir='ltr'><strong>Praeterea,</strong></span> <span class='ocrx_word' id='word_1_56' title='bbox 1550 723 1597 764; x_wconf 92' lang='lat' dir='ltr'><strong>in</strong></span> <span class='ocrx_word' id='word_1_57' title='bbox 1609 726 1749 764; x_wconf 89' lang='lat' dir='ltr'><strong>trans-</strong></span> 
     </span>
     <span class='ocr_line' id='line_1_8' title="bbox 268 790 1749 847; baseline 0 -14"><span class='ocrx_word' id='word_1_58' title='bbox 268 790 335 835; x_wconf 86' lang='lat' dir='ltr'><strong>itu</strong></span> <span class='ocrx_word' id='word_1_59' title='bbox 370 803 547 845; x_wconf 90' lang='lat' dir='ltr'><strong>quoque</strong></span> <span class='ocrx_word' id='word_1_60' title='bbox 578 790 637 832; x_wconf 87' lang='lat' dir='ltr'><strong>ad</strong></span> <span class='ocrx_word' id='word_1_61' title='bbox 667 803 788 832; x_wconf 90' lang='lat' dir='ltr'><strong>nova</strong></span> <span class='ocrx_word' id='word_1_62' title='bbox 814 803 956 832; x_wconf 88' lang='lat' dir='ltr'><strong>rerum</strong></span> <span class='ocrx_word' id='word_1_63' title='bbox 977 791 1147 846; x_wconf 86' lang='lat' dir='ltr'><strong>capita,</strong></span> <span class='ocrx_word' id='word_1_64' title='bbox 1176 805 1330 834; x_wconf 83' lang='lat' dir='ltr'><strong>eorum</strong></span> <span class='ocrx_word' id='word_1_65' title='bbox 1352 795 1543 847; x_wconf 86' lang='lat' dir='ltr'><strong>tempus,</strong></span> <span class='ocrx_word' id='word_1_66' title='bbox 1561 790 1632 833; x_wconf 86' lang='lat' dir='ltr'><strong>vel</strong></span> <span class='ocrx_word' id='word_1_67' title='bbox 1651 791 1749 833; x_wconf 87' lang='lat' dir='ltr'><strong>bre-</strong></span> 
     </span>
     <span class='ocr_line' id='line_1_9' title="bbox 267 859 1748 915; baseline 0 -14"><span class='ocrx_word' id='word_1_68' title='bbox 267 859 382 902; x_wconf 83' lang='lat' dir='ltr'><strong>viter</strong></span> <span class='ocrx_word' id='word_1_69' title='bbox 399 859 604 915; x_wconf 89' lang='lat' dir='ltr'><strong>repetitis</strong></span> <span class='ocrx_word' id='word_1_70' title='bbox 620 859 767 910; x_wconf 90' lang='lat' dir='ltr'><strong>rebus,</strong></span> <span class='ocrx_word' id='word_1_71' title='bbox 795 859 843 901; x_wconf 94' lang='lat' dir='ltr'><strong>in</strong></span> <span class='ocrx_word' id='word_1_72' title='bbox 868 859 987 901; x_wconf 92' lang='lat' dir='ltr'><strong>idem</strong></span> <span class='ocrx_word' id='word_1_73' title='bbox 1009 861 1207 915; x_wconf 90' lang='lat' dir='ltr'><strong>spatium</strong></span> <span class='ocrx_word' id='word_1_74' title='bbox 1226 860 1539 911; x_wconf 87' lang='lat' dir='ltr'><strong>incidentibus,</strong></span> <span class='ocrx_word' id='word_1_75' title='bbox 1576 860 1648 902; x_wconf 87' lang='lat' dir='ltr'><strong>vel</strong></span> <span class='ocrx_word' id='word_1_76' title='bbox 1667 872 1748 901; x_wconf 91' lang='lat' dir='ltr'><strong>nu-</strong></span> 
     </span>
     <span class='ocr_line' id='line_1_10' title="bbox 267 927 1747 986; baseline -0.002 -13"><span class='ocrx_word' id='word_1_77' title='bbox 267 927 450 986; x_wconf 83' lang='lat' dir='ltr'><strong>meratis</strong></span> <span class='ocrx_word' id='word_1_78' title='bbox 489 927 617 969; x_wconf 85' lang='lat' dir='ltr'><strong>annis</strong></span> <span class='ocrx_word' id='word_1_79' title='bbox 649 928 744 970; x_wconf 88' lang='lat' dir='ltr'><strong>sive</strong></span> <span class='ocrx_word' id='word_1_80' title='bbox 784 931 904 979; x_wconf 89' lang='lat' dir='ltr'><strong>ante,</strong></span> <span class='ocrx_word' id='word_1_81' title='bbox 945 929 1040 970; x_wconf 88' lang='lat' dir='ltr'><strong>sive</strong></span> <span class='ocrx_word' id='word_1_82' title='bbox 1071 934 1174 984; x_wconf 88' lang='lat' dir='ltr'><strong>post</strong></span> <span class='ocrx_word' id='word_1_83' title='bbox 1203 943 1295 972; x_wconf 88' lang='lat' dir='ltr'><strong>rem</strong></span> <span class='ocrx_word' id='word_1_84' title='bbox 1329 929 1464 971; x_wconf 91' lang='lat' dir='ltr'><strong>modo</strong></span> <span class='ocrx_word' id='word_1_85' title='bbox 1497 931 1747 971; x_wconf 83' lang='lat' dir='ltr'><strong>enarratam</strong></span> 
     </span>
     <span class='ocr_line' id='line_1_11' title="bbox 265 995 1748 1053; baseline -0.001 -14"><span class='ocrx_word' id='word_1_86' title='bbox 265 995 584 1053; x_wconf 64' lang='lat' dir='ltr'><strong>praeterlapsis»,</strong></span> <span class='ocrx_word' id='word_1_87' title='bbox 605 999 759 1039; x_wconf 90' lang='lat' dir='ltr'><strong>notare</strong></span> <span class='ocrx_word' id='word_1_88' title='bbox 779 996 906 1039; x_wconf 91' lang='lat' dir='ltr'><strong>solet.</strong></span> <span class='ocrx_word' id='word_1_89' title='bbox 967 996 1048 1039; x_wconf 88' lang='lat' dir='ltr'><strong>Uti</strong></span> <span class='ocrx_word' id='word_1_90' title='bbox 1074 1010 1180 1039; x_wconf 85' lang='lat' dir='ltr'><strong>vero</strong></span> <span class='ocrx_word' id='word_1_91' title='bbox 1207 997 1340 1039; x_wconf 92' lang='lat' dir='ltr'><strong>nobis</strong></span> <span class='ocrx_word' id='word_1_92' title='bbox 1369 997 1615 1039; x_wconf 87' lang='lat' dir='ltr'><strong>memoriter</strong></span> <span class='ocrx_word' id='word_1_93' title='bbox 1644 1009 1748 1038; x_wconf 89' lang='lat' dir='ltr'><strong>nar-</strong></span> 
     </span>
     <span class='ocr_line' id='line_1_12' title="bbox 264 1067 1746 1122; baseline 0 -12"><span class='ocrx_word' id='word_1_94' title='bbox 264 1067 466 1110; x_wconf 82' lang='lat' dir='ltr'><strong>rantibus</strong></span> <span class='ocrx_word' id='word_1_95' title='bbox 488 1067 604 1109; x_wconf 90' lang='lat' dir='ltr'><strong>solet</strong></span> <span class='ocrx_word' id='word_1_96' title='bbox 622 1067 841 1119; x_wconf 89' lang='lat' dir='ltr'><strong>accidere,</strong></span> <span class='ocrx_word' id='word_1_97' title='bbox 872 1070 923 1109; x_wconf 93' lang='lat' dir='ltr'><strong>ut</strong></span> <span class='ocrx_word' id='word_1_98' title='bbox 954 1079 1087 1110; x_wconf 88' lang='lat' dir='ltr'><strong>verus</strong></span> <span class='ocrx_word' id='word_1_99' title='bbox 1118 1081 1259 1110; x_wconf 90' lang='lat' dir='ltr'><strong>annus</strong></span> <span class='ocrx_word' id='word_1_100' title='bbox 1278 1067 1342 1110; x_wconf 90' lang='lat' dir='ltr'><strong>rei</strong></span> <span class='ocrx_word' id='word_1_101' title='bbox 1374 1070 1510 1122; x_wconf 80' lang='lat' dir='ltr'><strong>gestae</strong></span> <span class='ocrx_word' id='word_1_102' title='bbox 1529 1079 1621 1110; x_wconf 91' lang='lat' dir='ltr'><strong>non</strong></span> <span class='ocrx_word' id='word_1_103' title='bbox 1646 1080 1746 1110; x_wconf 90' lang='lat' dir='ltr'><strong>suc-</strong></span> 
     </span>
     <span class='ocr_line' id='line_1_13' title="bbox 265 1133 1746 1192; baseline 0.001 -14"><span class='ocrx_word' id='word_1_104' title='bbox 265 1138 429 1187; x_wconf 87' lang='lat' dir='ltr'><strong>currat,</strong></span> <span class='ocrx_word' id='word_1_105' title='bbox 447 1134 524 1177; x_wconf 93' lang='lat' dir='ltr'><strong>sed</strong></span> <span class='ocrx_word' id='word_1_106' title='bbox 550 1136 682 1177; x_wconf 91' lang='lat' dir='ltr'><strong>nobis</strong></span> <span class='ocrx_word' id='word_1_107' title='bbox 704 1133 1039 1188; x_wconf 88' lang='lat' dir='ltr'><strong>fluctuantibus,</strong></span> <span class='ocrx_word' id='word_1_108' title='bbox 1073 1137 1122 1178; x_wconf 94' lang='lat' dir='ltr'><strong>in</strong></span> <span class='ocrx_word' id='word_1_109' title='bbox 1149 1149 1219 1188; x_wconf 94' lang='lat' dir='ltr'><strong>eo,</strong></span> <span class='ocrx_word' id='word_1_110' title='bbox 1242 1136 1318 1192; x_wconf 91' lang='lat' dir='ltr'><strong>qui</strong></span> <span class='ocrx_word' id='word_1_111' title='bbox 1340 1149 1368 1178; x_wconf 92' lang='lat' dir='ltr'><strong>a</strong></span> <span class='ocrx_word' id='word_1_112' title='bbox 1392 1149 1498 1179; x_wconf 82' lang='lat' dir='ltr'><strong>vero</strong></span> <span class='ocrx_word' id='word_1_113' title='bbox 1526 1149 1615 1178; x_wconf 90' lang='lat' dir='ltr'><strong>non</strong></span> <span class='ocrx_word' id='word_1_114' title='bbox 1632 1136 1746 1179; x_wconf 91' lang='lat' dir='ltr'><strong>mul-</strong></span> 
     </span>
     <span class='ocr_line' id='line_1_14' title="bbox 264 1203 1747 1259; baseline 0.001 -14"><span class='ocrx_word' id='word_1_115' title='bbox 264 1206 359 1247; x_wconf 91' lang='lat' dir='ltr'><strong>tum</strong></span> <span class='ocrx_word' id='word_1_116' title='bbox 379 1203 564 1255; x_wconf 82' lang='lat' dir='ltr'><strong>aberret,</strong></span> <span class='ocrx_word' id='word_1_117' title='bbox 587 1203 964 1259; x_wconf 87' lang='lat' dir='ltr'><strong>acquiescendum</strong></span> <span class='ocrx_word' id='word_1_118' title='bbox 986 1204 1059 1256; x_wconf 90' lang='lat' dir='ltr'><strong>sit,</strong></span> <span class='ocrx_word' id='word_1_119' title='bbox 1075 1203 1192 1247; x_wconf 88' lang='lat' dir='ltr'><strong>adeo</strong></span> <span class='ocrx_word' id='word_1_120' title='bbox 1211 1204 1428 1247; x_wconf 90' lang='lat' dir='ltr'><strong>memoria</strong></span> <span class='ocrx_word' id='word_1_121' title='bbox 1448 1203 1747 1259; x_wconf 86' lang='lat' dir='ltr'><strong>decipiamur;</strong></span> 
     </span>
     <span class='ocr_line' id='line_1_15' title="bbox 263 1270 1746 1327; baseline 0 -13"><span class='ocrx_word' id='word_1_122' title='bbox 263 1270 330 1314; x_wconf 85' lang='lat' dir='ltr'><strong>ita</strong></span> <span class='ocrx_word' id='word_1_123' title='bbox 350 1270 525 1314; x_wconf 88' lang='lat' dir='ltr'><strong>Velleio</strong></span> <span class='ocrx_word' id='word_1_124' title='bbox 557 1284 755 1327; x_wconf 89' lang='lat' dir='ltr'><strong>quoque,</strong></span> <span class='ocrx_word' id='word_1_125' title='bbox 787 1271 931 1315; x_wconf 87' lang='lat' dir='ltr'><strong>fastos</strong></span> <span class='ocrx_word' id='word_1_126' title='bbox 956 1276 1000 1315; x_wconf 91' lang='lat' dir='ltr'><strong>et</strong></span> <span class='ocrx_word' id='word_1_127' title='bbox 1034 1286 1178 1315; x_wconf 89' lang='lat' dir='ltr'><strong>rerum</strong></span> <span class='ocrx_word' id='word_1_128' title='bbox 1209 1274 1392 1316; x_wconf 85' lang='lat' dir='ltr'><strong>annales</strong></span> <span class='ocrx_word' id='word_1_129' title='bbox 1418 1272 1624 1315; x_wconf 90' lang='lat' dir='ltr'><strong>evolvere</strong></span> <span class='ocrx_word' id='word_1_130' title='bbox 1656 1285 1746 1315; x_wconf 92' lang='lat' dir='ltr'><strong>non</strong></span> 
     </span>
     <span class='ocr_line' id='line_1_16' title="bbox 262 1340 1744 1397; baseline 0.001 -15"><span class='ocrx_word' id='word_1_131' title='bbox 262 1340 462 1391; x_wconf 84' lang='lat' dir='ltr'><strong>vacanti,</strong></span> <span class='ocrx_word' id='word_1_132' title='bbox 491 1341 705 1382; x_wconf 88' lang='lat' dir='ltr'><strong>memoria</strong></span> <span class='ocrx_word' id='word_1_133' title='bbox 722 1340 952 1393; x_wconf 86' lang='lat' dir='ltr'><strong>frustrato,</strong></span> <span class='ocrx_word' id='word_1_134' title='bbox 981 1354 1124 1384; x_wconf 90' lang='lat' dir='ltr'><strong>rerum</strong></span> <span class='ocrx_word' id='word_1_135' title='bbox 1143 1342 1452 1385; x_wconf 87' lang='lat' dir='ltr'><strong>nonnullarum</strong></span> <span class='ocrx_word' id='word_1_136' title='bbox 1472 1344 1648 1397; x_wconf 90' lang='lat' dir='ltr'><strong>tempus</strong></span> <span class='ocrx_word' id='word_1_137' title='bbox 1668 1341 1744 1384; x_wconf 90' lang='lat' dir='ltr'><strong>de-</strong></span> 
     </span>
     <span class='ocr_line' id='line_1_17' title="bbox 263 1405 1744 1462; baseline 0.002 -12"><span class='ocrx_word' id='word_1_138' title='bbox 263 1405 390 1450; x_wconf 88' lang='lat' dir='ltr'><strong>finire</strong></span> <span class='ocrx_word' id='word_1_139' title='bbox 411 1407 665 1451; x_wconf 86' lang='lat' dir='ltr'><strong>accuratius</strong></span> <span class='ocrx_word' id='word_1_140' title='bbox 684 1421 772 1451; x_wconf 89' lang='lat' dir='ltr'><strong>non</strong></span> <span class='ocrx_word' id='word_1_141' title='bbox 798 1407 939 1451; x_wconf 88' lang='lat' dir='ltr'><strong>licuit.</strong></span> <span class='ocrx_word' id='word_1_142' title='bbox 1000 1408 1104 1462; x_wconf 83' lang='lat' dir='ltr'><strong>Quo</strong></span> <span class='ocrx_word' id='word_1_143' title='bbox 1130 1409 1301 1453; x_wconf 89' lang='lat' dir='ltr'><strong>factum</strong></span> <span class='ocrx_word' id='word_1_144' title='bbox 1320 1414 1406 1462; x_wconf 86' lang='lat' dir='ltr'><strong>est,</strong></span> <span class='ocrx_word' id='word_1_145' title='bbox 1438 1413 1503 1462; x_wconf 91' lang='lat' dir='ltr'><strong>ut,</strong></span> <span class='ocrx_word' id='word_1_146' title='bbox 1532 1422 1744 1453; x_wconf 88' lang='lat' dir='ltr'><strong>annorum</strong></span> 
     </span>
     <span class='ocr_line' id='line_1_18' title="bbox 262 1477 1744 1535; baseline 0.003 -18"><span class='ocrx_word' id='word_1_147' title='bbox 262 1477 460 1519; x_wconf 89' lang='lat' dir='ltr'><strong>numeris</strong></span> <span class='ocrx_word' id='word_1_148' title='bbox 493 1477 676 1528; x_wconf 78' lang='lat' dir='ltr'><strong>notatiS,</strong></span> <span class='ocrx_word' id='word_1_149' title='bbox 709 1479 840 1532; x_wconf 85' lang='lat' dir='ltr'><strong>quasi</strong></span> <span class='ocrx_word' id='word_1_150' title='bbox 871 1491 1035 1522; x_wconf 89' lang='lat' dir='ltr'><strong>cavens</strong></span> <span class='ocrx_word' id='word_1_151' title='bbox 1067 1480 1169 1531; x_wconf 92' lang='lat' dir='ltr'><strong>sibi,</strong></span> <span class='ocrx_word' id='word_1_152' title='bbox 1197 1479 1445 1535; x_wconf 87' lang='lat' dir='ltr'><strong>frequenter</strong></span> <span class='ocrx_word' id='word_1_153' title='bbox 1477 1478 1613 1522; x_wconf 87' lang='lat' dir='ltr'><strong>addat</strong></span> <span class='ocrx_word' id='word_1_154' title='bbox 1632 1478 1744 1522; x_wconf 91' lang='lat' dir='ltr'><strong>illud</strong></span> 
     </span>
     <span class='ocr_line' id='line_1_19' title="bbox 260 1543 1743 1604; baseline 0.003 -17"><span class='ocrx_word' id='word_1_155' title='bbox 260 1544 275 1567; x_wconf 75' lang='lat'><em>³</em></span> <span class='ocrx_word' id='word_1_156' title='bbox 292 1543 464 1597; x_wconf 85' lang='lat' dir='ltr'><strong>ferme,’</strong></span> <span class='ocrx_word' id='word_1_157' title='bbox 492 1545 656 1600; x_wconf 89' lang='lat' dir='ltr'><strong>ubique</strong></span> <span class='ocrx_word' id='word_1_158' title='bbox 669 1545 762 1588; x_wconf 89' lang='lat' dir='ltr'><strong>fere</strong></span> <span class='ocrx_word' id='word_1_159' title='bbox 783 1547 983 1599; x_wconf 86' lang='lat' dir='ltr'><strong>obvium,</strong></span> <span class='ocrx_word' id='word_1_160' title='bbox 1001 1552 1049 1591; x_wconf 92' lang='lat' dir='ltr'><strong>ut</strong></span> <span class='ocrx_word' id='word_1_161' title='bbox 1067 1561 1388 1604; x_wconf 87' lang='lat' dir='ltr'><strong>nonnunquam</strong></span> <span class='ocrx_word' id='word_1_162' title='bbox 1406 1547 1615 1599; x_wconf 88' lang='lat' dir='ltr'><strong>numeris,</strong></span> <span class='ocrx_word' id='word_1_163' title='bbox 1629 1560 1743 1604; x_wconf 89' lang='lat' dir='ltr'><strong>quos</strong></span> 
     </span>
     <span class='ocr_line' id='line_1_20' title="bbox 261 1613 1744 1673; baseline 0.001 -15"><span class='ocrx_word' id='word_1_164' title='bbox 261 1618 428 1658; x_wconf 78' lang='lat' dir='ltr'><strong>vocant</strong></span> <span class='ocrx_word' id='word_1_165' title='bbox 458 1613 688 1666; x_wconf 79' lang='lat' dir='ltr'><strong>rotundOS,</strong></span> <span class='ocrx_word' id='word_1_166' title='bbox 737 1616 1014 1671; x_wconf 85' lang='lat' dir='ltr'><strong>acquiescat,</strong></span> <span class='ocrx_word' id='word_1_167' title='bbox 1059 1620 1198 1673; x_wconf 90' lang='lat' dir='ltr'><strong>utque</strong></span> <span class='ocrx_word' id='word_1_168' title='bbox 1235 1631 1264 1660; x_wconf 88' lang='lat' dir='ltr'><strong>a</strong></span> <span class='ocrx_word' id='word_1_169' title='bbox 1294 1630 1415 1670; x_wconf 88' lang='lat' dir='ltr'><strong>vero,</strong></span> <span class='ocrx_word' id='word_1_170' title='bbox 1454 1618 1531 1673; x_wconf 89' lang='lat' dir='ltr'><strong>qui</strong></span> <span class='ocrx_word' id='word_1_171' title='bbox 1564 1615 1744 1659; x_wconf 88' lang='lat' dir='ltr'><strong>aliunde</strong></span> 
     </span>
     <span class='ocr_line' id='line_1_21' title="bbox 261 1682 1743 1740; baseline 0.002 -16"><span class='ocrx_word' id='word_1_172' title='bbox 261 1684 455 1733; x_wconf 87' lang='lat' dir='ltr'><strong>constat,</strong></span> <span class='ocrx_word' id='word_1_173' title='bbox 478 1695 607 1733; x_wconf 89' lang='lat' dir='ltr'><strong>ann0‚</strong></span> <span class='ocrx_word' id='word_1_174' title='bbox 628 1682 707 1724; x_wconf 91' lang='lat' dir='ltr'><strong>ubi</strong></span> <span class='ocrx_word' id='word_1_175' title='bbox 722 1683 809 1726; x_wconf 92' lang='lat' dir='ltr'><strong>hoc</strong></span> <span class='ocrx_word' id='word_1_176' title='bbox 828 1684 924 1736; x_wconf 89' lang='lat' dir='ltr'><strong>fiat,</strong></span> <span class='ocrx_word' id='word_1_177' title='bbox 954 1699 1042 1728; x_wconf 94' lang='lat' dir='ltr'><strong>non</strong></span> <span class='ocrx_word' id='word_1_178' title='bbox 1061 1687 1250 1729; x_wconf 84' lang='lat' dir='ltr'><strong>multum</strong></span> <span class='ocrx_word' id='word_1_179' title='bbox 1264 1687 1449 1730; x_wconf 86' lang='lat' dir='ltr'><strong>aberret.</strong></span> <span class='ocrx_word' id='word_1_180' title='bbox 1508 1684 1599 1728; x_wconf 90' lang='lat' dir='ltr'><strong>Sed</strong></span> <span class='ocrx_word' id='word_1_181' title='bbox 1617 1698 1743 1740; x_wconf 88' lang='lat' dir='ltr'><strong>mag·</strong></span> 
     </span>
     <span class='ocr_line' id='line_1_22' title="bbox 258 1744 1741 1812; baseline 0.002 -18"><span class='ocrx_word' id='word_1_182' title='bbox 258 1764 365 1795; x_wconf 91' lang='lat' dir='ltr'><strong>nam</strong></span> <span class='ocrx_word' id='word_1_183' title='bbox 381 1756 551 1808; x_wconf 88' lang='lat' dir='ltr'><strong>partem</strong></span> <span class='ocrx_word' id='word_1_184' title='bbox 568 1767 867 1808; x_wconf 87' lang='lat' dir='ltr'><strong>numerorum,</strong></span> <span class='ocrx_word' id='word_1_185' title='bbox 883 1756 963 1812; x_wconf 92' lang='lat' dir='ltr'><strong>qui</strong></span> <span class='ocrx_word' id='word_1_186' title='bbox 983 1744 1241 1812; x_wconf 65' lang='lat' dir='ltr'><strong>scriptorem</strong></span> <span class='ocrx_word' id='word_1_187' title='bbox 1261 1757 1422 1800; x_wconf 88' lang='lat' dir='ltr'><strong>erroris</strong></span> <span class='ocrx_word' id='word_1_188' title='bbox 1443 1759 1631 1812; x_wconf 89' lang='lat' dir='ltr'><strong>arguunt</strong></span> <span class='ocrx_word' id='word_1_189' title='bbox 1645 1754 1741 1798; x_wconf 89' lang='lat' dir='ltr'><strong>sive</strong></span> 
     </span>
     <span class='ocr_line' id='line_1_23' title="bbox 258 1821 1740 1881; baseline 0.002 -18"><span class='ocrx_word' id='word_1_190' title='bbox 258 1821 307 1863; x_wconf 92' lang='lat' dir='ltr'><strong>in</strong></span> <span class='ocrx_word' id='word_1_191' title='bbox 347 1834 580 1875; x_wconf 88' lang='lat' dir='ltr'><strong>annorum,</strong></span> <span class='ocrx_word' id='word_1_192' title='bbox 617 1825 712 1866; x_wconf 93' lang='lat' dir='ltr'><strong>sive</strong></span> <span class='ocrx_word' id='word_1_193' title='bbox 753 1825 942 1867; x_wconf 89' lang='lat' dir='ltr'><strong>aliarum</strong></span> <span class='ocrx_word' id='word_1_194' title='bbox 975 1839 1118 1868; x_wconf 90' lang='lat' dir='ltr'><strong>rerum</strong></span> <span class='ocrx_word' id='word_1_195' title='bbox 1157 1829 1387 1881; x_wconf 89' lang='lat' dir='ltr'><strong>computo,</strong></span> <span class='ocrx_word' id='word_1_196' title='bbox 1443 1824 1740 1875; x_wconf 84' lang='lat' dir='ltr'><strong>librariorum,</strong></span> 
     </span>
     <span class='ocr_line' id='line_1_24' title="bbox 260 1890 1742 1949; baseline 0.002 -17"><span class='ocrx_word' id='word_1_197' title='bbox 260 1903 375 1946; x_wconf 90' lang='lat' dir='ltr'><strong>quos</strong></span> <span class='ocrx_word' id='word_1_198' title='bbox 395 1890 521 1933; x_wconf 90' lang='lat' dir='ltr'><strong>nulla</strong></span> <span class='ocrx_word' id='word_1_199' title='bbox 550 1892 639 1934; x_wconf 93' lang='lat' dir='ltr'><strong>alia</strong></span> <span class='ocrx_word' id='word_1_200' title='bbox 657 1906 703 1935; x_wconf 90' lang='lat' dir='ltr'><strong>re</strong></span> <span class='ocrx_word' id='word_1_201' title='bbox 722 1893 868 1948; x_wconf 89' lang='lat' dir='ltr'><strong>magis</strong></span> <span class='ocrx_word' id='word_1_202' title='bbox 892 1895 1122 1937; x_wconf 88' lang='lat' dir='ltr'><strong>aberrasse</strong></span> <span class='ocrx_word' id='word_1_203' title='bbox 1142 1898 1334 1946; x_wconf 85' lang='lat' dir='ltr'><strong>constat,</strong></span> <span class='ocrx_word' id='word_1_204' title='bbox 1354 1894 1466 1938; x_wconf 85' lang='lat' dir='ltr'><strong>vitio</strong></span> <span class='ocrx_word' id='word_1_205' title='bbox 1487 1896 1742 1949; x_wconf 86' lang='lat' dir='ltr'><strong>corruptam</strong></span> 
     </span>
     <span class='ocr_line' id='line_1_25' title="bbox 260 1959 965 2019; baseline 0.009 -19"><span class='ocrx_word' id='word_1_206' title='bbox 260 1971 378 2010; x_wconf 90' lang='lat' dir='ltr'><strong>esse,</strong></span> <span class='ocrx_word' id='word_1_207' title='bbox 395 1959 521 2002; x_wconf 87' lang='lat' dir='ltr'><strong>facili</strong></span> <span class='ocrx_word' id='word_1_208' title='bbox 535 1961 717 2015; x_wconf 89' lang='lat' dir='ltr'><strong>negotio</strong></span> <span class='ocrx_word' id='word_1_209' title='bbox 737 1963 965 2019; x_wconf 88' lang='lat' dir='ltr'><strong>probatur.</strong></span> 
     </span>
    </p>

    <p class='ocr_par' dir='ltr' id='par_1_3' title="bbox 252 2027 1738 2910">
     <span class='ocr_line' id='line_1_26' title="bbox 314 2027 1738 2088; baseline 0.003 -18"><span class='ocrx_word' id='word_1_210' title='bbox 314 2027 347 2070; x_wconf 88' lang='lat' dir='ltr'><strong>J</strong></span> <span class='ocrx_word' id='word_1_211' title='bbox 350 2040 423 2070; x_wconf 90' lang='lat' dir='ltr'><strong>am</strong></span> <span class='ocrx_word' id='word_1_212' title='bbox 460 2028 619 2081; x_wconf 83' lang='lat' dir='ltr'><strong>habeS,</strong></span> <span class='ocrx_word' id='word_1_213' title='bbox 648 2029 865 2074; x_wconf 90' lang='lat' dir='ltr'><strong>benevole</strong></span> <span class='ocrx_word' id='word_1_214' title='bbox 906 2033 1065 2084; x_wconf 89' lang='lat' dir='ltr'><strong>lector,</strong></span> <span class='ocrx_word' id='word_1_215' title='bbox 1084 2031 1305 2088; x_wconf 89' lang='lat' dir='ltr'><strong>&#39;opusculi</strong></span> <span class='ocrx_word' id='word_1_216' title='bbox 1336 2030 1515 2083; x_wconf 91' lang='lat' dir='ltr'><strong>Velleii,</strong></span> <span class='ocrx_word' id='word_1_217' title='bbox 1549 2031 1738 2088; x_wconf 88' lang='lat' dir='ltr'><strong>ejusque</strong></span> 
     </span>
     <span class='ocr_line' id='line_1_27' title="bbox 257 2095 1738 2156; baseline 0.004 -19"><span class='ocrx_word' id='word_1_218' title='bbox 257 2095 467 2139; x_wconf 88' lang='lat' dir='ltr'><strong>virtutum</strong></span> <span class='ocrx_word' id='word_1_219' title='bbox 490 2097 807 2155; x_wconf 87' lang='lat' dir='ltr'><strong>vitiorumque,</strong></span> <span class='ocrx_word' id='word_1_220' title='bbox 844 2100 1206 2156; x_wconf 83' lang='lat' dir='ltr'><strong>descriptionem,</strong></span> <span class='ocrx_word' id='word_1_221' title='bbox 1239 2115 1329 2143; x_wconf 89' lang='lat' dir='ltr'><strong>non</strong></span> <span class='ocrx_word' id='word_1_222' title='bbox 1360 2100 1541 2156; x_wconf 91' lang='lat' dir='ltr'><strong>quidem</strong></span> <span class='ocrx_word' id='word_1_223' title='bbox 1570 2100 1738 2156; x_wconf 79' lang='lat' dir='ltr'><strong>perfec-</strong></span> 
     </span>
     <span class='ocr_line' id='line_1_28' title="bbox 256 2164 1738 2225; baseline 0.003 -19"><span class='ocrx_word' id='word_1_224' title='bbox 256 2166 363 2216; x_wconf 90' lang='lat' dir='ltr'><strong>tam,</strong></span> <span class='ocrx_word' id='word_1_225' title='bbox 385 2164 705 2222; x_wconf 89' lang='lat' dir='ltr'><strong>scriptorisque</strong></span> <span class='ocrx_word' id='word_1_226' title='bbox 735 2168 933 2210; x_wconf 91' lang='lat' dir='ltr'><strong>indolem</strong></span> <span class='ocrx_word' id='word_1_227' title='bbox 954 2168 1066 2211; x_wconf 88' lang='lat' dir='ltr'><strong>satis</strong></span> <span class='ocrx_word' id='word_1_228' title='bbox 1087 2170 1409 2225; x_wconf 85' lang='lat' dir='ltr'><strong>explanantem,</strong></span> <span class='ocrx_word' id='word_1_229' title='bbox 1439 2168 1564 2224; x_wconf 86' lang='lat' dir='ltr'><strong>(nam</strong></span> <span class='ocrx_word' id='word_1_230' title='bbox 1585 2169 1738 2211; x_wconf 90' lang='lat' dir='ltr'><strong>sensui</strong></span> 
     </span>
     <span class='ocr_line' id='line_1_29' title="bbox 257 2233 1737 2292; baseline 0.003 -18"><span class='ocrx_word' id='word_1_231' title='bbox 257 2237 348 2285; x_wconf 83' lang='lat' dir='ltr'><strong>tuo,</strong></span> <span class='ocrx_word' id='word_1_232' title='bbox 380 2233 685 2277; x_wconf 85' lang='lat' dir='ltr'><strong>familiaritate</strong></span> <span class='ocrx_word' id='word_1_233' title='bbox 710 2249 813 2278; x_wconf 89' lang='lat' dir='ltr'><strong>cum</strong></span> <span class='ocrx_word' id='word_1_234' title='bbox 835 2251 890 2279; x_wconf 93' lang='lat' dir='ltr'><strong>eo</strong></span> <span class='ocrx_word' id='word_1_235' title='bbox 912 2241 1160 2289; x_wconf 88' lang='lat' dir='ltr'><strong>contracta,</strong></span> <span class='ocrx_word' id='word_1_236' title='bbox 1187 2238 1372 2280; x_wconf 88' lang='lat' dir='ltr'><strong>multum</strong></span> <span class='ocrx_word' id='word_1_237' title='bbox 1402 2235 1737 2292; x_wconf 83' lang='lat' dir='ltr'><strong>relinquendum</strong></span> 
     </span>
     <span class='ocr_line' id='line_1_30' title="bbox 257 2298 1735 2359; baseline 0.004 -17"><span class='ocrx_word' id='word_1_238' title='bbox 257 2298 364 2356; x_wconf 92' lang='lat' dir='ltr'><strong>est,)</strong></span> <span class='ocrx_word' id='word_1_239' title='bbox 383 2304 580 2344; x_wconf 86' lang='lat' dir='ltr'><strong>attamen</strong></span> <span class='ocrx_word' id='word_1_240' title='bbox 594 2303 814 2359; x_wconf 88' lang='lat' dir='ltr'><strong>judicium</strong></span> <span class='ocrx_word' id='word_1_241' title='bbox 835 2308 958 2348; x_wconf 89' lang='lat' dir='ltr'><strong>tuum</strong></span> <span class='ocrx_word' id='word_1_242' title='bbox 974 2304 1029 2346; x_wconf 91' lang='lat' dir='ltr'><strong>de</strong></span> <span class='ocrx_word' id='word_1_243' title='bbox 1047 2305 1224 2347; x_wconf 87' lang='lat' dir='ltr'><strong>Nostro</strong></span> <span class='ocrx_word' id='word_1_244' title='bbox 1240 2305 1514 2359; x_wconf 88' lang='lat' dir='ltr'><strong>aliquantum</strong></span> <span class='ocrx_word' id='word_1_245' title='bbox 1530 2304 1735 2348; x_wconf 87' lang='lat' dir='ltr'><strong>modera-</strong></span> 
     </span>
     <span class='ocr_line' id='line_1_31' title="bbox 257 2368 1735 2426; baseline 0.003 -16"><span class='ocrx_word' id='word_1_246' title='bbox 257 2371 417 2411; x_wconf 86' lang='lat' dir='ltr'><strong>turam.</strong></span> <span class='ocrx_word' id='word_1_247' title='bbox 479 2368 656 2412; x_wconf 89' lang='lat' dir='ltr'><strong>Habuit</strong></span> <span class='ocrx_word' id='word_1_248' title='bbox 686 2371 725 2413; x_wconf 90' lang='lat' dir='ltr'><strong>is</strong></span> <span class='ocrx_word' id='word_1_249' title='bbox 756 2373 869 2414; x_wconf 91' lang='lat' dir='ltr'><strong>inter</strong></span> <span class='ocrx_word' id='word_1_250' title='bbox 901 2372 1172 2414; x_wconf 88' lang='lat' dir='ltr'><strong>recentiores</strong></span> <span class='ocrx_word' id='word_1_251' title='bbox 1207 2372 1420 2423; x_wconf 89' lang='lat' dir='ltr'><strong>eruditos,</strong></span> <span class='ocrx_word' id='word_1_252' title='bbox 1453 2372 1531 2426; x_wconf 90' lang='lat' dir='ltr'><strong>qui</strong></span> <span class='ocrx_word' id='word_1_253' title='bbox 1550 2371 1623 2415; x_wconf 91' lang='lat' dir='ltr'><strong>vel</strong></span> <span class='ocrx_word' id='word_1_254' title='bbox 1649 2373 1735 2417; x_wconf 87' lang='lat' dir='ltr'><strong>vir-</strong></span> 
     </span>
     <span class='ocr_line' id='line_1_32' title="bbox 255 2437 1734 2496; baseline 0.004 -17"><span class='ocrx_word' id='word_1_255' title='bbox 255 2439 374 2480; x_wconf 87' lang='lat' dir='ltr'><strong>tutes</strong></span> <span class='ocrx_word' id='word_1_256' title='bbox 392 2437 465 2481; x_wconf 80' lang='lat' dir='ltr'><strong>vel</strong></span> <span class='ocrx_word' id='word_1_257' title='bbox 482 2438 594 2480; x_wconf 85' lang='lat' dir='ltr'><strong>vitia</strong></span> <span class='ocrx_word' id='word_1_258' title='bbox 613 2439 711 2494; x_wconf 91' lang='lat' dir='ltr'><strong>ejus</strong></span> <span class='ocrx_word' id='word_1_259' title='bbox 731 2441 866 2482; x_wconf 86' lang='lat' dir='ltr'><strong>altius</strong></span> <span class='ocrx_word' id='word_1_260' title='bbox 901 2441 1208 2496; x_wconf 84' lang='lat' dir='ltr'><strong>inspexerunt,</strong></span> <span class='ocrx_word' id='word_1_261' title='bbox 1244 2444 1288 2484; x_wconf 89' lang='lat' dir='ltr'><strong>et</strong></span> <span class='ocrx_word' id='word_1_262' title='bbox 1316 2440 1573 2483; x_wconf 84' lang='lat' dir='ltr'><strong>laudatores</strong></span> <span class='ocrx_word' id='word_1_263' title='bbox 1609 2454 1734 2494; x_wconf 91' lang='lat' dir='ltr'><strong>suos,</strong></span> 
     </span>
     <span class='ocr_line' id='line_1_33' title="bbox 255 2505 1734 2565; baseline 0.003 -16"><span class='ocrx_word' id='word_1_264' title='bbox 255 2508 303 2549; x_wconf 86' lang='lat' dir='ltr'><strong>et</strong></span> <span class='ocrx_word' id='word_1_265' title='bbox 319 2505 666 2562; x_wconf 76' lang='lat' dir='ltr'><strong>vituperatores:</strong></span> <span class='ocrx_word' id='word_1_266' title='bbox 688 2509 960 2564; x_wconf 78' lang='lat' dir='ltr'><strong>aequioribus</strong></span> <span class='ocrx_word' id='word_1_267' title='bbox 981 2511 1125 2551; x_wconf 90' lang='lat' dir='ltr'><strong>tamen</strong></span> <span class='ocrx_word' id='word_1_268' title='bbox 1146 2512 1189 2551; x_wconf 88' lang='lat' dir='ltr'><strong>et</strong></span> <span class='ocrx_word' id='word_1_269' title='bbox 1207 2508 1565 2564; x_wconf 83' lang='lat' dir='ltr'><strong>sapientioribus,</strong></span> <span class='ocrx_word' id='word_1_270' title='bbox 1586 2509 1734 2565; x_wconf 92' lang='lat' dir='ltr'><strong>iisque</strong></span> 
     </span>
     <span class='ocr_line' id='line_1_34' title="bbox 253 2572 1732 2631; baseline 0.003 -14"><span class='ocrx_word' id='word_1_271' title='bbox 253 2572 384 2630; x_wconf 84' lang='lat' dir='ltr'><strong>longe</strong></span> <span class='ocrx_word' id='word_1_272' title='bbox 403 2574 630 2631; x_wconf 83' lang='lat' dir='ltr'><strong>pluribus,</strong></span> <span class='ocrx_word' id='word_1_273' title='bbox 660 2577 874 2631; x_wconf 87' lang='lat' dir='ltr'><strong>probatus</strong></span> <span class='ocrx_word' id='word_1_274' title='bbox 899 2580 983 2620; x_wconf 85' lang='lat' dir='ltr'><strong>est.</strong></span> <span class='ocrx_word' id='word_1_275' title='bbox 1043 2577 1165 2620; x_wconf 88' lang='lat' dir='ltr'><strong>Inter</strong></span> <span class='ocrx_word' id='word_1_276' title='bbox 1198 2576 1553 2619; x_wconf 85' lang='lat' dir='ltr'><strong>Franco-Gallos</strong></span> <span class='ocrx_word' id='word_1_277' title='bbox 1584 2582 1732 2621; x_wconf 88' lang='lat' dir='ltr'><strong>autem</strong></span> 
     </span>
     <span class='ocr_line' id='line_1_35' title="bbox 252 2643 1730 2699; baseline 0.003 -14"><span class='ocrx_word' id='word_1_278' title='bbox 252 2643 536 2699; x_wconf 81' lang='lat' dir='ltr'><strong>praecipuum</strong></span> <span class='ocrx_word' id='word_1_279' title='bbox 556 2644 872 2688; x_wconf 87' lang='lat' dir='ltr'><strong>admiratorem</strong></span> <span class='ocrx_word' id='word_1_280' title='bbox 892 2651 938 2688; x_wconf 90' lang='lat' dir='ltr'><strong>et</strong></span> <span class='ocrx_word' id='word_1_281' title='bbox 957 2645 1263 2688; x_wconf 85' lang='lat' dir='ltr'><strong>felicissimum</strong></span> <span class='ocrx_word' id='word_1_282' title='bbox 1283 2646 1550 2688; x_wconf 88' lang='lat' dir='ltr'><strong>imitatorem</strong></span> <span class='ocrx_word' id='word_1_283' title='bbox 1569 2650 1730 2689; x_wconf 87' lang='lat' dir='ltr'><strong>nactus</strong></span> 
     </span>
     <span class='ocr_line' id='line_1_36' title="bbox 255 2711 1730 2767; baseline 0.003 -15"><span class='ocrx_word' id='word_1_284' title='bbox 255 2714 326 2752; x_wconf 85' lang='lat' dir='ltr'><strong>est</strong></span> <span class='ocrx_word' id='word_1_285' title='bbox 356 2711 501 2754; x_wconf 86' lang='lat' dir='ltr'><strong>virum</strong></span> <span class='ocrx_word' id='word_1_286' title='bbox 533 2712 913 2767; x_wconf 88' lang='lat' dir='ltr'><strong>elegantissimum</strong></span> <span class='ocrx_word' id='word_1_287' title='bbox 946 2713 1239 2766; x_wconf 88' lang='lat' dir='ltr'><strong>Henaultum,</strong></span> <span class='ocrx_word' id='word_1_288' title='bbox 1267 2714 1458 2756; x_wconf 90' lang='lat' dir='ltr'><strong>lectione</strong></span> <span class='ocrx_word' id='word_1_289' title='bbox 1477 2713 1644 2756; x_wconf 90' lang='lat' dir='ltr'><strong>Velleii</strong></span> <span class='ocrx_word' id='word_1_290' title='bbox 1664 2712 1730 2756; x_wconf 88' lang='lat' dir='ltr'><strong>in-</strong></span> 
     </span>
     <span class='ocr_line' id='line_1_37' title="bbox 252 2777 1737 2840; baseline 0.003 -20"><span class='ocrx_word' id='word_1_291' title='bbox 252 2777 494 2832; x_wconf 83' lang='lat' dir='ltr'><strong>defessum,</strong></span> <span class='ocrx_word' id='word_1_292' title='bbox 525 2785 570 2823; x_wconf 87' lang='lat' dir='ltr'><strong>et</strong></span> <span class='ocrx_word' id='word_1_293' title='bbox 598 2780 819 2836; x_wconf 72' lang='lat' dir='ltr'><strong>opusculi,</strong></span> <span class='ocrx_word' id='word_1_294' title='bbox 841 2781 1006 2840; x_wconf 57' lang='lat' dir='ltr'><strong>Abrege</strong></span> <span class='ocrx_word' id='word_1_295' title='bbox 1024 2780 1340 2839; x_wconf 77' lang='lat' dir='ltr'><strong>chronologique</strong></span> <span class='ocrx_word' id='word_1_296' title='bbox 1367 2780 1416 2823; x_wconf 82' lang='lat' dir='ltr'><strong>de</strong></span> <span class='ocrx_word' id='word_1_297' title='bbox 1438 2780 1662 2824; x_wconf 77' lang='lat' dir='ltr'><strong>l’Histoire</strong></span> <span class='ocrx_word' id='word_1_298' title='bbox 1679 2781 1737 2824; x_wconf 70' lang='lat' dir='ltr'><strong>de‘</strong></span> 
     </span>
     <span class='ocr_line' id='line_1_38' title="bbox 255 2843 1735 2910; baseline 0.003 -17"><span class='ocrx_word' id='word_1_299' title='bbox 255 2843 416 2895; x_wconf 73' lang='lat' dir='ltr'><strong>France</strong></span> <span class='ocrx_word' id='word_1_300' title='bbox 447 2847 677 2909; x_wconf 76' lang='lat' dir='ltr'><strong>inscripti,</strong></span> <span class='ocrx_word' id='word_1_301' title='bbox 703 2850 826 2895; x_wconf 84' lang='lat' dir='ltr'><strong>etad</strong></span> <span class='ocrx_word' id='word_1_302' title='bbox 847 2852 1102 2910; x_wconf 80' lang='lat' dir='ltr'><strong>exemplum</strong></span> <span class='ocrx_word' id='word_1_303' title='bbox 1123 2850 1169 2898; x_wconf 87' lang='lat' dir='ltr'>V</span> <span class='ocrx_word' id='word_1_304' title='bbox 1170 2851 1285 2899; x_wconf 84' lang='lat' dir='ltr'><strong>elleii</strong></span> <span class='ocrx_word' id='word_1_305' title='bbox 1318 2851 1589 2904; x_wconf 80' lang='lat' dir='ltr'><strong>concinnati,</strong></span> <span class='ocrx_word' id='word_1_306' title='bbox 1622 2858 1735 2897; x_wconf 59' lang='lat' dir='ltr'><strong>auo-³</strong></span> 
     </span>
    </p>
   </div>
  </div>
 </body>
</html>
