2008 3210
577 233 620 264 c.
653 231 859 264 var-,nan
899 231 1205 265 munuum.
1359 222 1364 227 “
1547 219 1635 263 493

206 332 351 385 pariter
370 344 417 372 ac
433 343 494 371 res
511 333 655 394 paagim
673 334 863 386 explicat.
900 334 1044 388 Neque
1065 340 1196 374 tamen
1217 332 1451 374 Paterculus
1469 333 1632 372 omnino

202 397 290 450 ejus
307 409 385 450 ope
412 396 625 438 destitutus
659 405 720 439 est
736 414 748 446 ς
779 412 870 439 nam
899 406 938 440 et
971 401 1094 441 bonas
1112 398 1417 446 emendationes,
1449 398 1631 451 quamvis

207 463 429 515 pauciores,
449 463 487 502 in
506 462 684 504 medium
705 464 884 516 protulit.

259 528 444 568 Severum
479 541 682 568 censorem
719 528 868 568 invenit
902 529 1151 567 Burmannus
1167 527 1313 567 Thom.
1334 527 1629 579 Wopkensium,

205 591 328 644 quiin
347 593 604 634 Lectionibus
614 593 819 640 Tullianis,
840 593 982 633 deinde
996 593 1034 632 in
1057 592 1302 632 Adversariis
1322 591 1469 632 criticis
1484 592 1525 631 in
1544 592 1632 632 Vel-

202 654 335 704 leium,
355 670 445 710 qnae
463 670 658 710 expressae
678 664 767 698 sunt
787 658 827 697 in
849 657 965 698 Misc.
985 657 1109 697 Obss.
1130 658 1219 696 Vol.
1239 667 1361 705 v111.,
1377 657 1520 697 acerbe
1539 671 1628 697 eum

203 720 412 770 vellicavit,
433 722 578 775 cuique
598 723 860 770 Burmannus,
889 722 1091 762 iracundia
1121 723 1396 768 exacerbatus,
1428 721 1631 774 respondit

202 785 240 824 in
260 786 382 827 Misc.
402 787 526 828 Obss.
559 787 648 828 Vol.
680 799 746 828 xx.
793 789 937 841 Neque
972 787 1059 827 liaec
1089 787 1192 827 acris
1221 787 1435 835 contentio,
1467 787 1548 827 sive
1576 786 1627 826 ad

201 849 335 899 crisin,
353 851 437 891 sive
449 852 499 892 ad
521 852 879 906 interpretationem
891 853 1089 893 Paterculi
1109 853 1217 906 quod
1234 853 1388 900 attinet,
1401 852 1481 892 sine
1494 851 1628 891 fructu

203 914 293 956 suit.
347 916 475 957 Dedit
503 917 608 958 enim
641 917 772 966 nobis,
806 923 953 971 praeter
979 917 1070 964 alia,
1102 917 1328 970 Wopkensii
1360 917 1627 968 conjecturas.

203 980 280 1020 Sed
301 981 426 1022 multo
448 982 576 1034 maJor
602 996 695 1023 sane
715 983 781 1023 ille
801 983 951 1024 fructus
982 983 1134 1031 fuisset,
1171 983 1245 1022 nisi
1266 982 1467 1035 utriusque
1500 983 1627 1023 aciem

203 1045 359 1086 animus
377 1048 546 1098 graviter
567 1047 822 1100 perturbatus
842 1047 1160 1101 praestrinxisset.

238 1111 444 1163 AEquiores
449 1112 609 1164 judices
619 1119 757 1154 nactus
769 1121 829 1152 est
843 1112 1111 1152 Burmannus
1102 1125 1139 1151 m
1156 1112 1382 1159 Germania,
1397 1124 1496 1163 quos
1508 1112 1628 1164 paulo

200 1182 292 1216 ante
311 1177 621 1223 nominavimus;
652 1190 821 1229 quorum
851 1177 1031 1224 alterum,
1063 1177 1132 1229 qui
1164 1177 1203 1216 in
1223 1177 1334 1216 Actis
1361 1177 1483 1217 Erud.
1516 1178 1626 1229 Lips.

204 1245 319 1286 1721.
351 1242 565 1282 Burmanni
596 1254 758 1294 operam
780 1241 1033 1293 dijudicavit,
1053 1242 1233 1282 Curtium
1267 1240 1384 1280 fuisse
1404 1241 1627 1293 suspicatur

202 1304 472 1347 Ruhnkenius.
513 1308 565 1355 Is,
586 1307 734 1359 pariter
751 1320 800 1347 ac
821 1307 1031 1354 Chr-istius,
1067 1306 1257 1347 nonnulla
1289 1320 1450 1359 quoque
1485 1306 1625 1347 velleii

200 1369 288 1410 loca
306 1370 446 1411 critica
464 1385 583 1412 manu
603 1372 783 1412 tentavit.

253 1435 339 1475 Sub
357 1435 462 1476 idem
481 1436 562 1477 fere
586 1443 742 1490 tempus
761 1437 906 1490 prodiit
923 1438 987 1478 Jo.
1005 1436 1196 1477 Schefferi
1216 1436 1315 1477 liber
1330 1436 1526 1477 ἀνέκδοτος
1545 1438 1626 1477 Ad·

198 1500 454 1542 versariorum
481 1502 520 1542 in
550 1502 743 1543 Velleium
774 1498 812 1542 in
845 1503 959 1543 Mise.
980 1502 1103 1543 Obss.
1126 1502 1214 1542 Vol.
1236 1509 1402 1542 v111.et
1423 1514 1490 1543 lx.
1548 1502 1624 1542 Sed

198 1565 424 1606 Scbefferus
443 1566 600 1607 laborat
627 1567 791 1608 libidine
819 1567 990 1620 quadam
1023 1567 1257 1608 emendandi
1287 1581 1377 1621 quae
1408 1567 1626 1621 depravata

198 1642 276 1669 non
295 1637 397 1677 sunt,
418 1644 544 1683 neque
565 1632 603 1671 in
623 1632 868 1683 conjecturis
888 1631 1132 1685 proferendis
1151 1632 1245 1672 felix
1263 1640 1335 1674 est.

148 1699 246 1739 1721
280 1694 512 1748 Ediuburgi.
533 1702 571 1737 8.

148 1764 248 1805 1723
278 1761 324 1799 ln
353 1761 842 1815 Tom.1.1·:pitomarum
862 1763 1037 1804 historiae
1069 1763 1187 1803 Rom.
1216 1763 1374 1804 duobus
1406 1763 1499 1803 voli.
1526 1763 1622 1804 edit.

200 1823 424 1865 Florentiae.
451 1831 491 1866 8.

146 1894 249 1934 1725
278 1890 460 1931 Londini-
485 1896 548 1932 12.
567 1891 737 1944 repetita
755 1892 821 1932 ed.
843 1892 970 1932 Mich.
991 1892 1208 1933 Maittaire.

147 1952 250 1999 1726
278 1955 447 1996 Parisiis.
467 1962 507 1996 4.
523 1970 662 1996 recusa
679 1956 743 1997 ed.
765 1956 870 1997 Rob.
892 1956 1042 2008 Riguez
1062 1956 1102 1997 in
1122 1971 1231 1998 usum
1253 1957 1458 2010 Delphini.

146 2022 250 2062 1730
278 2017 426 2059 Eadem
446 2020 631 2068 Londini,
649 2020 756 2073 apud
777 2021 838 2060 W.
862 2021 996 2073 lnnys.
1018 2026 1058 2061 8.

146 2087 246 2127 1731
278 2083 379 2124 Cum
399 2084 504 2124 notis
525 2086 663 2125 Germ.
688 2085 852 2127 Sinceri.
873 2086 1092 2138 Marburgi,
1112 2099 1180 2140 ap.
1201 2087 1374 2140 Krieger.
1398 2093 1435 2128 8.

145 2152 249 2194 1737
278 2148 445 2197 Eadem,
466 2149 635 2191 Giessae.
656 2156 693 2191 8.

145 2217 248 2257 1743
276 2226 389 2267 seqq.
420 2214 463 2253 ln
481 2214 614 2255 Tomo
636 2226 689 2256 11.
719 2214 964 2269 Scriptorum
1002 2216 1233 2257 Latinorum
1254 2222 1427 2256 veterum
1449 2216 1622 2258 historiae

195 2277 312 2318 Rom.
327 2277 469 2318 edente
485 2280 667 2319 Bennone
677 2280 798 2332 Casp.
813 2280 1012 2321 Haurisio.
1034 2281 1334 2334 Heidelbergiae.
1364 2281 1447 2322 rol.
1466 2295 1503 2322 c.
1526 2281 1620 2335 figg.

145 2347 250 2388 1744
278 2343 565 2384 Burmanniana
600 2355 653 2384 11.
689 2345 857 2386 auctior.
895 2345 1076 2398 Lugduni
1106 2346 1193 2386 Bat.
1231 2358 1300 2398 ap.
1332 2347 1436 2387 Sam.
1476 2347 1622 2388 Lucbt·

195 2419 346 2447 manns.
366 2414 391 2449 2
408 2408 500 2450 voll.
521 2409 679 2451 s.--ef.
703 2423 769 2450 an.
795 2416 912 2458 1719.

140 2494 194 2500 —
214 2471 392 2512 Londini.
420 2478 481 2514 12.
502 2475 669 2525 repetita
688 2475 752 2516 ed.
775 2475 901 2515 Micb.
923 2475 1134 2516 Maittaire.

147 2535 250 2583 1746
278 2536 446 2577 Parisiis.
471 2543 533 2582 12.
552 2551 620 2591 ap.
640 2537 766 2580 Mich.
789 2541 927 2594 steph.
948 2540 1092 2590 David,
1110 2547 1323 2581 accurante
1338 2541 1478 2594 Steph.
1495 2539 1622 2581 Andr.

195 2600 394 2654 Philippe.

145 2670 246 2711 1752
275 2664 333 2705 Ex
350 2665 522 2707 editione
542 2667 753 2707 Burmanni
773 2666 941 2709 fideliter
958 2682 1155 2722 expressa.
1185 2669 1387 2721 Glasguae,
1407 2670 1444 2709 in
1466 2669 1621 2710 aedibus

194 2728 433 2770 academicis
462 2731 712 2774 excutiebant
746 2731 944 2774 Robertus
976 2741 1018 2774 et
1038 2733 1217 2776 Andreas
1237 2734 1384 2777 Paulis.
1410 2735 1620 2776 12.-1·;1c-

196 2806 291 2846 gnus
309 2794 445 2836 editio.
