2008 3210
363 269 451 313 396

364 377 440 409 avia
454 376 637 409 itinerum.’
662 376 783 418 virgil.
805 376 815 396 ⁴
835 375 958 418 Opaca
978 375 1070 407 loco·

363 426 462 460 rum!
485 427 625 460 Cassius
639 428 852 462 Parmensis:
881 427 891 445 ‘
909 427 956 459 Et
972 427 1071 459 chor-

364 478 417 510 dis
433 478 581 510 indoctae
590 478 729 510 dissona
740 476 859 510 vocis.¹
880 476 1070 509 Plurimum

363 527 510 560 Tacitus
523 533 561 560 et
576 528 752 560 Horatius.
774 527 910 568 Schegk.

410 579 516 612 Tit-uzo
529 579 655 620 imperii
667 578 808 620 cedebat]
830 578 1005 612 Plutarch.
1017 576 1070 610 καὶ

361 631 407 670 τῷ
417 629 474 670 μὲν
489 628 569 671 ἔργῳ
579 628 704 661 πάντων
715 628 808 662 αὐτὸς
821 627 860 668 ἦν
868 627 981 671 κύριος,
992 628 1070 661 ἑκεί-

363 694 404 722 νῳ
418 680 452 714 δὲ
461 680 559 721 ὄνομα
569 681 621 713 καὶ
630 681 724 721 τιμὴν
734 679 958 723 αὐτοκράτορος
970 679 1070 713 διετέέ

361 737 411 763 λει
426 731 610 773 φυλάττωνι
648 733 696 764 Et
719 732 876 765 :Antonius
887 732 1010 774 quidem
1032 742 1067 765 re

360 783 430 824 ipsa
444 784 547 816 omnia
561 784 596 816 in
617 786 772 825 potestate
789 782 932 823 habebat,
946 783 1066 825 Lepido

361 837 467 869 tumen
490 844 601 867 nomen
625 837 658 867 et
684 834 829 866 honorem
863 834 1068 875 Imperatoris

360 894 541 917 conservare
555 895 616 918 non
629 885 765 918 destitit.
796 886 917 919 Boecl.

403 936 588 978 Juventius]
607 936 698 969 Vide
713 937 821 970 Dion.
837 938 858 970 Ι.
875 946 970 969 κινι.
994 936 1068 979 Ap-

361 988 452 1030 pian.
469 990 512 1022 B.
528 990 568 1022 C.
585 998 642 1021 ιιι.
658 989 717 1021 ubi
740 993 778 1022 et
801 988 846 1021 de
869 989 1003 1022 Planco
1027 998 1067 1022 ac

361 1039 533 1072 Pollione.
558 1041 657 1072 Idem.

397 1090 524 1122 'Gladio
537 1100 570 1123 se
596 1091 664 1133 ipse
677 1090 856 1134 transfixit]
893 1090 951 1123 Ob
976 1090 1067 1132 quod

358 1142 507 1174 Senatus
535 1142 780 1183 laudationem,
805 1145 969 1183 statuam,
984 1140 1068 1182 pub-

359 1193 532 1235 licumque
548 1192 650 1226 funus
672 1192 843 1226 decrevit.
888 1192 970 1234 Dio,
993 1192 1067 1225 Cic.

360 1243 462 1285 epist.
473 1243 518 1275 ad
535 1244 658 1276 Plane.
681 1244 817 1285 Schegk.

402 1295 541 1326 Plancus
554 1294 682 1337 deinde]
713 1296 777 1328 Est
789 1295 860 1334 ille,
886 1295 944 1338 qui
966 1294 1068 1328 disci·

358 1346 459 1387 pulus
475 1346 673 1386 Ciceronis;
694 1350 810 1379 orator
825 1345 988 1386 disertus,
1009 1355 1067 1377 cu-

351 1396 413 1437 jus
448 1397 605 1438 epistolae
647 1397 706 1429 lib.
737 1406 774 1429 x.
806 1397 920 1437 Tullii,
946 1400 1067 1429 contra

358 1458 459 1490 quem
486 1448 628 1481 Asinius
651 1448 766 1480 Pollio
789 1448 963 1481 orationes
987 1457 1066 1479 cum

356 1499 540 1540 scriberet,
556 1509 597 1532 ac
613 1500 720 1532 nollet
734 1508 791 1532 eas
807 1498 873 1531 nisi
893 1502 971 1540 post
991 1498 1065 1531 obi-

357 1554 430 1582 tum
445 1560 543 1582 suum
558 1550 627 1591 edi,
641 1549 861 1591 respondisse
877 1549 1011 1582 Plinius
1030 1549 1064 1582 in

356 1602 508 1644 Ptologo
532 1602 668 1644 scribit,
691 1603 701 1620 ‘
717 1612 797 1635 cum
822 1602 966 1635 mortuis
995 1612 1064 1635 uon

356 1652 422 1685 nisi
444 1646 563 1685 larvas'
578 1653 727 1686 luctari!
772 1652 971 1686 Praefectus
987 1653 1063 1685 urbi

357 1704 396 1736 C.
409 1704 547 1737 Caesare
562 1705 749 1737 Dictatore
766 1713 825 1737 ιιι.
850 1705 956 1737 Numi
971 1704 1063 1747 apud

355 1754 543 1796 Gonnum,
567 1756 695 1788 Consul
711 1756 910 1797 designatus
924 1766 1001 1788 cum
1018 1755 1063 1789 D.

354 1806 478 1840 Bruto.
530 1806 674 1839 Arbiter
698 1807 890 1849 sponsionis
918 1806 1064 1848 Cleopa-

353 1862 441 1889 tram
456 1858 547 1889 inter
557 1862 594 1890 et
611 1857 809 1890 Antonium.
844 1856 979 1889 Auctor
993 1857 1063 1890 Oc-

354 1909 450 1941 tavio
464 1909 678 1951 cognominis
701 1908 866 1951 Augusti.
910 1908 997 1950 Ejus
1023 1907 1062 1940 fi-

352 1959 419 1991 lius
433 1959 540 1992 credo
553 1958 631 1999 fuit,
647 1959 704 2002 qui
726 1959 852 1991 Tacito
866 1957 927 1992 lib.
942 1967 973 1991 ι..
984 1968 1062 1990 cum

354 2010 393 2042 C.
410 2010 644 2044 Silioconsul.
666 2011 766 2042 Idem.

354 2074 360 2090 .·
397 2061 442 2093 Se
462 2061 581 2094 litteris
593 2060 774 2101 venditam]
803 2056 953 2093 Eistant
967 2061 1061 2094 litte-

353 2122 401 2144 rae
417 2112 492 2154 ejus
503 2112 568 2144 hac
582 2112 627 2144 de
652 2122 690 2144 re
716 2112 751 2144 in
776 2112 943 2154 Epistolis
963 2112 1061 2145 Cice-

353 2162 446 2194 ronis
473 2163 517 2195 ad
544 2163 711 2199 Plancum
740 2172 824 2196 vui.
860 2164 961 2196 Idem.
1017 2164 1061 2197 Se

351 2213 455 2245 literis
483 2213 663 2254 venditam]
702 2213 815 2246 Plena
844 2219 918 2247 tum
946 2216 1061 2247 omnia

351 2264 495 2306 σκήψεων
505 2265 557 2297 καὶ
571 2264 757 2307 προφάσεων
770 2265 822 2297 καὶ
832 2269 1061 2307 παλλιλογιῶν.

353 2316 548 2356 Coloribus,
567 2316 719 2358 inquam,
743 2317 984 2359 praetextibus,
1007 2327 1061 2350 so·

349 2366 527 2408 phismatis
544 2368 709 2410 pleraque
730 2368 932 2410 agebantur.
968 2369 1060 2402 Vide

350 2417 475 2449 Planci
502 2417 603 2458 epist.
633 2417 676 2458 ad
703 2418 738 2451 S.
764 2418 854 2460 Pop.
878 2419 926 2460 pl.
955 2419 1060 2453 Q.R.

351 2467 442 2509 apud
461 2467 534 2500 Cic.
548 2467 653 2509 epist.
673 2477 709 2500 x.
725 2471 758 2501 8.
775 2473 848 2502 tum
862 2470 990 2502 multas
1015 2470 1059 2503 ad

350 2518 463 2559 ipsum
478 2519 682 2553 Ciceronem
697 2519 731 2551 in
747 2519 868 2555 eodem
885 2520 987 2562 libro,
999 2521 1058 2553 ubi

350 2572 387 2601 et
401 2569 439 2601 C.
449 2567 562 2601 Asinii
575 2569 743 2603 Pollionis
756 2569 897 2602 litterae.
916 2571 1056 2604 Boecler.

394 2619 523 2653 Firmus
533 2619 707 2662 proposito]
738 2620 774 2652 Si
795 2620 921 2662 Velleii
951 2621 1059 2664 scrip·

351 2673 461 2712 turam
485 2670 671 2703 divinando
693 2680 767 2710 sum
791 2681 940 2714 unquam
967 2683 1059 2706 asse-

350 2721 552 2766 cutumlieic
567 2731 623 2754 me
644 2721 776 2755 frustra
785 2722 927 2759 minime
951 2722 1058 2760 fuisse

350 2771 518 2804 arbitror:
548 2773 676 2815 <firmus
710 2774 879 2815 propositi.
938 2775 1058 2815 Merus

352 2831 458 2862 amor,
470 2829 573 2857 merae
585 2823 754 2859 deliciolae
767 2824 899 2865 Nostri,
909 2825 975 2861 iste
986 2835 1057 2861 ser·

351 2882 424 2916 mo:
450 2882 518 2916 quo
534 2878 569 2906 et
586 2875 705 2916 paucis
722 2884 826 2917 supra
851 2875 949 2909 lineis
966 2886 1057 2919 usus,

672 276 814 313 NDTAE
848 279 1117 311 vARloRUM
1148 279 1202 311 IN
1222 281 1525 314 ·PATERcut.1

1121 375 1132 394 ‘
1148 374 1265 408 irritus
1283 377 1439 410 consilii?
1457 376 1566 418 Alibi,
1577 376 1588 396 ⁸
1604 377 1830 416 modic-uuir

1122 426 1232 468 rium:
1242 431 1279 460 et
1292 427 1302 445 ‘
1316 427 1517 460 immodicus
1530 427 1671 470 gloriae‚'
1686 429 1824 471 aliaque

1120 477 1255 511 similia.
1299 479 1453 514 Quorum
1478 479 1639 521 exempla
1651 483 1689 512 et
1702 479 1738 512 in
1748 479 1828 519 aliie

1119 528 1346 570 scriptoribus
1373 529 1532 571 plurima,
1548 530 1656 564 veluti
1679 539 1826 573 gem-m

1118 578 1281 621 insignes,
1295 579 1457 613 emicant.
1479 574 1655 614 Acidaliae.

1141 654 1146 664 ,
1164 630 1252 663 Cu».
1273 633 1329 662 64.
1355 631 1402 662 D.
1418 631 1544 664 Brutus
1554 630 1707 672 deterius]
1743 630 1826 670 Exi.-

1119 684 1192 713 tum
1205 681 1302 723 hujus
1314 680 1376 715 viri
1386 681 1541 715 scribunt
1547 681 1618 715 Dio
1630 690 1731 715 xlm.
1754 679 1828 723 Ap-

1118 732 1212 774 pian.
1228 731 1342 773 δμφυλ.
1366 736 1536 773 extremo,
1559 732 1619 775 qui
1642 733 1739 767 illum
1752 732 1829 770 lios·

1117 783 1342 826 pitem‘Bruti
1367 783 1378 802 ‘
1392 782 1586 816 Camillum’
1609 782 1827 816 vomu-'Liv-

1118 834 1213 875 Epit.
1229 842 1314 866 cxx.
1338 833 1397 866 ubi
1423 834 1434 852 ‘
1450 834 1611 876 Capenas
1622 834 1802 876 sequanus
1814 832 1823 848 '

1118 896 1182 929 pro
1199 887 1209 905 ‘
1225 887 1379 920 Camelio
1390 886 1400 903 ³
1415 887 1575 919 habetur.
1596 884 1776 920 Boukra.
1794 916 1798 920 .

1163 937 1300 979 cameli]
1334 937 1393 970 Ita
1416 938 1611 970 Rhenanus.
1634 936 1826 978 Schegkim

1119 987 1192 1020 edit
1218 988 1349 1030 Copeni.
1403 988 1540 1030 Cameli]
1578 989 1652 1022 Pro
1677 987 1826 1022 cmm.

1118 1040 1160 1072 P.
1176 1039 1365 1073 Camelium
1381 1040 1582 1078 Heraclam,
1600 1039 1684 1072 item
1703 1039 1743 1072 C.
1756 1038 1826 1077 cp·

1117 1091 1269 1123 mellium
1285 1089 1488 1123 Africanum
1505 1089 1708 1129 Fabianum,
1718 1088 1825 1127 babes

1117 1143 1151 1174 in
1163 1141 1451 1184 Inscriptionibus
1462 1140 1620 1174 Gruteri.
1654 1138 1825 1181 Schegkio

1117 1199 1233 1226 tamen
1249 1193 1313 1226 hoc
1333 1193 1491 1235 ineptum
1514 1191 1708 1225 videbatur.
1752 1189 1828 1223 Ita·

1117 1254 1210 1287 que,
1228 1244 1374 1277 aliorum
1403 1243 1640 1285 conjecturam
1673 1244 1826 1283 secutus,

1117 1295 1227 1327 edidit
1245 1295 1375 1337 Capeni.
1408 1293 1536 1334 Credo,
1548 1292 1640 1336 quod
1655 1292 1704 1325 ita
1715 1292 1750 1324 id
1764 1302 1825 1331 no-

1116 1346 1217 1379 minis
1239 1346 1415 1379 scribatur
1433 1345 1470 1378 in
1496 1345 1659 1387 Epitome
1681 1343 1826 1380 Liviana

1116 1397 1176 1431 lib.
1192 1406 1278 1430 cxx.
1305 1397 1383 1430 ·Cui
1399 1401 1534 1430 tantum
1557 1395 1670 1435 abest,
1692 1400 1732 1427 ut
1747 1403 1825 1426 aus·

1116 1449 1258 1490 cultem,
1270 1452 1310 1480 ut
1323 1448 1371 1480 ibi
1386 1448 1501 1490 potius
1524 1446 1660 1479 emelii
1668 1445 1825 1481 scriben-

1117 1499 1198 1531 dum
1214 1499 1420 1532 existimem.
1450 1498 1585 1532 Vossius.

1159 1551 1212 1583 M.
1228 1550 1361 1591 Tullius,
1375 1551 1429 1591 23⁶.
1455 1553 1590 1582 oeternos
1603 1547 1740 1581 Antonii
1759 1557 1823 1582 m-

1115 1601 1223 1632 mor-ioe
1243 1601 1359 1632 inussit
1382 1600 1488 1642 notas]
1520 1599 1564 1632 In
1585 1598 1733 1632 ,eandem
1747 1607 1826 1635 sene,

1115 1650 1260 1683 tentiam
1286 1651 1330 1683 de
1360 1661 1398 1684 re
1427 1650 1548 1683 eadem
1577 1650 1654 1693 ipse
1684 1649 1823 1691 Cicero,

1114 1701 1229 1734 verbis
1245 1711 1384 1744 quoque
1406 1701 1481 1734 ,fere
1507 1701 1643 1743 iisdem,
1667 1700 1823 1742 Philipp.

1114 1761 1197 1785 xur.
1218 1753 1229 1771 ‘
1244 1753 1356 1787 Quem
1378 1762 1445 1794 ego
1468 1752 1618 1785 inustum
1637 1751 1823 1788 verissimi·

1113 1805 1376 1841 maledictorum
1391 1804 1483 1837 uotis
1499 1803 1635 1837 tradam
1647 1802 1823 1845 bominum

1113 1857 1286 1889 memoriae
1311 1855 1555 1898 sempiternae?
1586 1855 1714 1897 deidei.
1752 1855 1823 1886 -M.

1116 1908 1249 1950 Tullius,
1269 1910 1324 1950 ξε.
1344 1912 1481 1940 aternus
1504 1907 1639 1940 Antonii
1665 1906 1823 1939 memorie

1111 1959 1227 1991 inussit
1249 1959 1356 2001 notas]
1391 1958 1526 1993 Quibus
1550 1957 1821 1999 Philippicarum

1113 2019 1236 2042 nomen
1261 2009 1369 2042 dedit.
1412 2009 1555 2042 Illustre
1581 2017 1683 2050 opus,-
1700 2011 1822 2042 etatu-

1112 2060 1216 2092 diosis
1245 2060 1412 2101 gravioris
1437 2059 1601 2092 Politicae
1630 2058 1821 2101 diligenter

1112 2110 1330 2143 versandum.
1373 2110 1462 2143 Vide
1477 2111 1570 2143 inter
1580 2109 1748 2143 suasorias
1760 2109 1823 2142 Se,

1111 2170 1206 2194 necae
1222 2161 1385 2194 Rhetoris
1408 2161 1575 2203 ultimam,
1597 2162 1634 2194 in
1654 2171 1736 2204 qua,
1751 2171 1821 2201 non

1111 2212 1153 2244 ad
1178 2212 1360 2244 veritatem
1382 2211 1548 2252 historiae,
1570 2211 1631 2244 sed
1647 2211 1691 2244 ad
1706 2211 1820 2248 deela-

1110 2262 1226 2294 mandi
1251 2262 1454 2307 exercitium
1478 2263 1488 2280 ‘
1502 2261 1738 2306 Deliberati03
1756 2262 1824 2295 -Ιιι-

1110 2313 1213 2345 betur
1244 2313 1435 2352 Ciceronis,
1481 2314 1491 2331 ‘
1509 2311 1566 2345 An
1595 2313 1728 2356 scripta
1760 2322 1822 2346 sua

1110 2363 1304 2405 comburat,
1318 2364 1545 2406 promittente
1562 2363 1713 2397 Antonio
1725 2364 1820 2397 ineo·

1110 2414 1303 2447 lumitatem
1315 2416 1344 2447 si
1359 2414 1524 2447 fecisset!
1548 2415 1694 2448 Boecler.
1805 2437 1820 2447 ⁴.

1155 2464 1310 2509 Tribunus
1347 2466 1504 2499 Canutius
1530 2466 1678 2499 contin-e
1712 2465 1817 2508 rabie]

1107 2515 1278 2552 Tribunus
1295 2516 1386 2558 pleb.
1413 2515 1478 2549 fuit
1504 2516 1569 2548 hoc
1585 2526 1688 2557 anuo,
1710 2516 1819 2554 inter.-

1108 2566 1188 2601 dum
1205 2572 1321 2600 tamen
1341 2567 1410 2601 Tib.
1426 2568 1593 2609 Canutius,
1615 2567 1715 2610 (idei
1728 2576 1821 2609 pra-sq

1107 2627 1231 2652 nomen
1246 2617 1331 2660 fuit)
1354 2618 1538 2660 legendum
1561 2616 1816 2663 essecogitavi.

1108 2669 1209 2704 Quod
1224 2671 1305 2712 quia
1317 2670 1398 2702 nihil
1412 2669 1515 2703 affert
1529 2670 1573 2703 ad
1594 2670 1817 2712 senteutiam,

1108 2720 1209 2753 valde
1233 2730 1302 2753 non
1327 2721 1458 2754 laboro.
1479 2721 1656 2754 Manutius.
1703 2720 1819 2753 Tribu-

1106 2781 1164 2803 nus
1182 2772 1336 2804 Canutius
1348 2771 1494 2804 continua
1506 2770 1612 2812 rabie]
1634 2770 1708 2802 Iino
1731 2774 1742 2789 ⁸
1757 2771 1820 2815 hoq

1107 2823 1309 2859 nestissimis
1320 2821 1572 2862 concionibus&
1593 2821 1623 2853 si
1641 2821 1820 2865 >credimus

1107 2874 1268 2907 Ciceroni
1295 2866 1422 2916 Philip.
1442 2882 1499 2905 ιιι.
1545 2872 1649 2915 Apud
1679 2872 1813 2916 Appia?
