2002 3250
583 322 838 357 msronm
872 321 1101 355 ROMANAE
1133 321 1233 354 mn.
1267 321 1301 356 1.
1330 310 1377 355 9.
1670 312 1731 356 55

231 424 433 467 1110110111ς
451 420 661 466 obierat!
720 422 770 465 Is
789 421 1000 466 Persamu
1019 422 1189 478 ingenti
1209 421 1388 479 praeli0,
1411 421 1535 478 apud
1553 424 1727 477 urbem,

231 491 408 536 nomine
428 491 675 547 Pydnam?
691 491 740 535 in
761 491 1050 544 Macedonia,
1081 491 1234 534 fusum
1253 490 1548 547 fugatumque
1565 491 1730 536 castris

231 561 362 605 exuit
392 560 473 616 [U.
495 574 534 604 c.
554 561 659 605 587.
680 574 722 604 a.
757 560 860 605 Chr.
889 575 931 605 n.
954 561 1101 616 166.];
1133 561 1382 618 deletisque
1403 560 1506 618 ejus
1540 561 1732 618 copiisy

230 630 492 675 destitutum
511 632 634 675 omni
654 644 752 687 spe,
773 630 921 687 coegit
947 644 974 674 e
993 629 1273 674 Macedonia
1292 630 1559 688 profugere:
1591 643 1733 687 quam

229 700 307 747 ille
326 700 553 757 linquens,
589 702 636 744 in
671 702 866 745 insulam
886 700 1267 745 Samothraciam¹
1285 699 1518 757 perfugit,⁶
1552 700 1733 756 templi-

231 773 338 825 que5
358 782 407 813 se
425 771 632 826 religioni
647 771 901 828 supplicem
921 769 1124 814 credidit.
1186 769 1262 813 Ad
1279 783 1381 813 eum
1402 769 1487 812 Cn.
1509 769 1733 814 Octavius

227 842 412 895 praetor,
432 841 511 896 qui
525 841 667 884 classi
687 844 896 897 praeerat,
918 840 1139 897 pervenit,
1155 844 1201 883 et
1219 841 1391 883 ratione
1410 841 1572 895 magis,
1594 852 1735 896 quam

230 909 293 961 vi,
333 910 577 965 persuasit,
619 914 673 953 ut
710 922 760 954 se
799 910 1112 954 Romanorum
1146 909 1256 952 fidei
1291 910 1600 954 committeret.
1663 909 1739 953 Ita

229 977 422 1022 Paullus
460 980 713 1023 maximum
750 981 1176 1038 nobilissimumque
1222 994 1372 1037 regem
1416 981 1466 1022 in
1505 979 1734 1036 triumpho

231 1046 375 1092 duxit.
438 1047 548 1101 Quo
570 1062 689 1093 anno
709 1053 754 1093 et
791 1049 991 1103 Octavii,
1010 1050 1238 1107 praetoriS,
1258 1050 1472 1102 navalis,z
1501 1053 1544 1093 et
1563 1049 1734 1102 Anicii,

231 1115 384 1172 'regem
403 1117 677 1174 Illyriorum³
710 1118 924 1162 Gentium
944 1123 1050 1162 ante
1072 1132 1252 1163 currum
1272 1120 1483 1176 agentis‚⁷
1514 1119 1735 1176 triumphi

229 1185 358 1230 fuere
373 1187 586 1230 celebres.
656 1187 811 1240 Quam
826 1189 888 1231 sit
908 1188 1094 1232 assidua
1106 1190 1345 1232 eminentis
1362 1190 1556 1233 fortunae
1577 1202 1734 1232 comes

231 1254 419 1308 invidia,
453 1255 780 1312 altissimisque
808 1256 1052 1310 adhaereat,
1086 1258 1221 1300 etiam
1254 1258 1345 1301 hoc
1378 1258 1538 1314 colligi
1569 1261 1735 1315 potest,

231 1324 372 1380 quod,
394 1337 499 1367 cum
532 1322 686 1368 Anicii
706 1325 981 1382 Octaviique
1008 1327 1284 1382 triumphum
1310 1340 1447 1371 nemo
1475 1328 1736 1385 interpella-

232 1397 318 1446 ret,
335 1394 474 1446 fuere,
510 1393 607 1450 quib
628 1393 782 1437 Paulli
801 1395 1022 1451 impedire
1044 1396 1368 1440 obniterentur:
1401 1397 1534 1454 cujus
1556 1401 1734 1441 tantum

230 1461 407 1517 priores
427 1464 640 1516 excessit,
675 1464 748 1508 vel
776 1465 1085 1520 magnitudine
1114 1465 1231 1521 regis
1266 1465 1439 1519 Persei,
1479 1468 1552 1510 vel
1583 1467 1736 1524 specie

276 1600 296 1616 '⁴
320 1595 387 1632 Qui
398 1599 540 1629 mortam
553 1600 623 1630 erat
636 1597 671 1630 in
681 1607 792 1639 pugna
805 1598 965 1631 Cannensi
980 1601 1047 1631 tam
1054 1598 1208 1639 sortiter,
1217 1606 1311 1639 quam
1325 1595 1426 1629 invite
1439 1605 1509 1629 eam
1523 1594 1736 1637 commiserat,

234 1643 360 1681 utpote
370 1640 552 1673 damnosam
562 1640 745 1683 reipublicae
761 1639 928 1676 futuram.

863 1748 1103 1762 ‘Ouum

237 1821 256 1848 5
282 1816 391 1849 Morte
406 1816 562 1850 Cod.—6
584 1817 644 1850 Ita
658 1817 762 1851 Jani:
792 1816 941 1859 profugit
955 1816 1022 1850 Ed.
1036 1827 1091 1859 pr.
1110 1816 1223 1850 Ruhn.
1235 1817 1357 1849 Burm.
1370 1815 1436 1849 Ed.
1451 1815 1596 1858 Bipont.
1612 1818 1651 1848 et
1663 1815 1733 1849 Ed.

236 1860 347 1904 Lugd.
359 1860 508 1894 Bate-‘1
520 1861 579 1894 Ita
594 1861 660 1895 Ed.
671 1861 778 1895 Basil.
792 1861 859 1894 Ed.
875 1861 1019 1903 Bipout.
1035 1865 1074 1894 et
1085 1860 1152 1895 Ed.
1162 1860 1276 1904 Lugd.
1289 1861 1370 1894 Bat.
1381 1860 1545 1902 agentium
1559 1859 1624 1892 Ed.
1634 1868 1736 1903 pr.—

912 1959 1059 1995 NOTAE

278 2042 294 2058 ¹¹
318 2036 469 2079 Persam]
493 2037 579 2070 Erat
594 2037 751 2080 Philippi
764 2035 856 2070 filius
871 2036 956 2072 natu

171 2089 173 2092 ⁴
237 2089 362 2131 major.
383 2089 537 2122 Ultimus
553 2100 616 2122 rex
633 2089 852 2123 Macedoniae
864 2090 951 2124 fuit:

237 2150 259 2173 a
274 2140 424 2181 Carano,
450 2141 508 2184 qui
536 2142 668 2183 primus
691 2141 764 2174 illic
779 2142 953 2184 regnavit,

234 2191 623 2235 undequadragesimus.

283 2247 299 2264 v
321 2243 486 2286 Pydnam]
533 2243 649 2277 Hodie
680 2245 808 2287 Chiero,
847 2254 958 2288 prope

239 2295 330 2329 ostia
345 2294 568 2337 Aliacmonis,
591 2301 627 2328 et
649 2296 759 2329 sinum
782 2296 960 2330 Thermai-

240 2357 335 2382 eum.

286 2404 306 2421 '¹
328 2399 456 2448 Deletis
477 2398 544 2440 <ius
567 2400 682 2444 copiis]
718 2399 761 2433 In
777 2410 820 2433 eo
835 2400 960 2443 praelio

243 2449 479 2484 Macedonum
490 2461 581 2484 caesa
593 2451 729 2484 suntad
741 2451 865 2494 viginti
885 2452 960 2484 mil-

240 2502 301 2544 lia,
324 2505 429 2544 capta
445 2502 623 2535 undecim:
650 2502 883 2536 Romanorum
901 2512 960 2535 au·

248 2558 321 2588 tem
335 2563 404 2587 non
421 2554 498 2596 plus
514 2558 657 2587 centum
673 2553 847 2587 cecidere.

284 2610 302 2628 ¹
324 2606 593 2648 Samothraciam]
631 2607 695 2639 Est
723 2606 896 2651 Thracum,
922 2606 959 2639 in

241 2658 331 2693 mari
346 2659 480 2701 AEgaeo,
505 2664 626 2692 contra
644 2658 754 2691 Hebri
770 2658 884 2699 ostia;
908 2659 958 2691 111-

242 2710 339 2754 clyta
362 2710 598 2752 religionibus,
622 2714 743 2752 atque,
768 2709 959 2743 Plutarcho

245 2766 283 2796 et
298 2761 398 2795 Livio
413 2761 575 2802 testibus,
587 2760 742 2793 inviolati
761 2761 825 2793 soli
839 2762 962 2804 inatile,

243 2811 306 2846 nbi
347 2812 595 2846 nobilissimum
632 2812 761 2846 Junoui
793 2813 961 2857 templum

242 2863 324 2900 fuit.

288 2921 306 2946 ἲ
332 2916 530 2960 Templiqae]
563 2918 689 2951 Sensus
705 2922 779 2951 est:
803 2918 845 2951 In
870 2917 962 2950 insu-

247 2969 316 3005 lam
330 2968 601 3003 Samothraciam
617 2968 786 3013 profugit,
800 2968 859 3003 ubi
875 2972 962 3001 tem-

1011 2037 1062 2081 pli
1077 2037 1268 2071 sanctitate
1281 2047 1319 2070 se
1333 2035 1508 2076 defendit,
1521 2038 1619 2069 ratus
1635 2044 1736 2069 secu-

1011 2098 1088 2122 rum
1103 2099 1141 2121 se
1151 2087 1228 2122 fore
1242 2093 1391 2132 propter
1404 2088 1473 2121 loci
1487 2087 1734 2121 reverentiam.

1053 2145 1068 2161 ²
1082 2140 1233 2182 Navalis]
1256 2139 1326 2174 Qui
1345 2139 1524 2181 triumphi,
1542 2137 1650 2180 gestis
1665 2147 1739 2171 ma·

1013 2191 1044 2224 ri
1060 2190 1216 2224 feliciter
1244 2191 1362 2233 rebus,
1390 2189 1688 2231 decernebantur,
1713 2189 1739 2222 ii

1013 2243 1223 2277 dicebantur
1238 2244 1402 2276 navales:
1433 2248 1471 2275 ut
1489 2246 1691 2284 terrestres,
1718 2251 1741 2275 a

1014 2294 1119 2328 rebus
1137 2300 1233 2327 terra
1251 2293 1406 2328 feliciter
1422 2294 1538 2336 gestis.

1057 2351 1073 2368 ¹¹
1096 2347 1215 2388 Regem
1234 2345 1435 2389 lum-imam]
1458 2346 1525 2379 Des
1555 2346 1739 2379 Escla'vons.

1017 2399 1183 2441 Gentius,
1198 2409 1217 2431 a
1233 2398 1366 2431 Perseo
1379 2399 1414 2430 in
1428 2397 1574 2441 periculi
1591 2398 1742 2438 societa-

1020 2457 1089 2484 tem
1108 2460 1173 2493 per
1188 2449 1346 2483 fraudem
1363 2450 1541 2491 inductus,
1560 2449 1664 2492 hujus
1679 2449 1741 2482 tri·

1020 2501 1141 2544 umphi
1160 2502 1199 2534 L.
1223 2500 1352 2534 Anicio
1379 2501 1525 2544 praetori
1555 2500 1739 2534 materiam

1015 2555 1126 2588 dedit.
1523 2580 1528 2585 .

1063 2605 1078 2629 δ
1102 2607 1221 2648 Fuere,
1237 2605 1307 2649 qni]
1324 2605 1490 2648 sulpitius
1504 2604 1619 2638 Galba
1632 2603 1743 2637 tribu-

1017 2668 1081 2691 nus
1099 2658 1262 2699 militum,
1273 2663 1310 2690 et
1323 2657 1480 2690 AEmilius
1497 2656 1661 2698 privatim
1675 2653 1740 2688 ini·

1014 2711 1135 2744 micus.
1182 2703 1467 2743 Cri'minabantur
1490 2707 1662 2750 optimum
1678 2706 1741 2740 du·

1017 2771 1107 2803 cem,
1123 2766 1162 2794 ut
1180 2761 1394 2802 imperiosum,
1406 2758 1450 2790 ob
1461 2758 1621 2791 militaris
1634 2758 1739 2792 disci-

1016 2813 1120 2855 plinae
1153 2811 1407 2844 observantiam
1421 2821 1430 2843 :
1476 2815 1515 2843 ut
1551 2810 1739 2853 malignum,

1016 2864 1062 2897 ob
1080 2863 1234 2907 predam
1253 2863 1402 2906 parcius,
1433 2872 1535 2906 quam
1559 2862 1738 2906 cupiditas

1017 2915 1166 2949 rnilitum
1181 2919 1398 2959 speraverat,
1412 2914 1647 2949 distributam.
