2002 3250
0 645 11 743 'aaa-‘ss
6 597 11 636 A*
6 485 12 584 „wa-⁶.
8 466 10 476 -
8 446 12 455 -

0 1102 9 1174 oo·-
1 1048 8 1089 -a
0 1007 8 1032 -o
0 915 9 1000 «σαὶ

522 283 780 318 His'roRIAE
813 281 1040 316 ROMANAE
1073 281 1172 315 ιω.
1205 282 1261 316 11.
1291 271 1366 316 23.
1601 268 1688 315 105

202 396 432 455 quentiae,“
451 383 614 450 gladiis
633 392 841 444 militum,
864 405 981 448 quos
1001 392 1132 448 ipsos
1152 392 1366 436 facundia
1380 394 1468 435 'sua
1487 396 1687 438 moratus

201 470 314 518 erat,
327 465 463 522 jussu
485 461 623 506 Marii
643 461 891 517 Cinnaeque
923 461 1160 505 confossus
1190 465 1275 505 est.
1336 461 1401 521 Q„
1416 461 1621 514 Catulus,
1643 465 1690 506 et

201 535 390 579 aliarum
408 533 620 576 virtutum
641 535 684 574 et
703 531 807 574 belli
830 530 1045 574 Cimbrici
1064 531 1219 585 gloria,
1242 545 1343 587 quae
1365 532 1430 575 illi
1449 545 1555 574 cum
1583 530 1687 575 Ma—

197 604 266 648 rio
282 602 528 646 communis
546 601 709 651 fuerat,
731 600 1065 652 celeberrimus,
1087 614 1190 643 cum
1211 601 1269 644 ad
1285 605 1475 645 mortem
1496 602 1688 657 conqui⁴

197 676 378 724 reretur,
399 670 621 716 conclusit
642 682 692 711 se
710 669 827 721 loco,
863 682 1004 725 nuper
1034 669 1160 712 calce
1194 683 1414 726 arenaque
1449 670 1687 726 perpolito,

198 742 415 797 illatoque
433 740 543 796 igni,
557 740 635 796 qui
649 739 740 793 vim
757 739 910 782 odoris
931 739 1166 791 excitaret,
1182 739 1317 782 simul
1337 740 1510 783 exitiali
1523 741 1687 783 hausto

197 811 373 867 spiritu,
395 809 530 854 simul
550 809 727 851 incluso
747 821 844 860 suo,
875 812 1067 851 mortem
1094 809 1239 863 magis
1260 813 1381 861 voto,
1412 823 1548 864 quam
1570 809 1688 853 arbi-

196 880 283 923 trio
310 879 608 930 inimicorum,
629 878 773 919 obiit.⁰
833 875 995 920 Omnia
1014 881 1141 920 erant
1170 879 1433 934 praecipitia
1452 879 1499 921 in
1524 879 1685 934 repub-

196 948 322 1001 lica?
354 962 436 992 nec
473 953 622 992 tamen
652 946 800 991 adhuc
829 947 1073 1003 quisquam
1103 947 1426 1001 inveniebatur,
1459 948 1536 1004 qui
1566 949 1688 991 bona

197 1018 314 1061 civis
347 1017 544 1061 Romani
578 1021 657 1060 aut
690 1016 855 1059 donare
890 1016 1093 1068 auderet,
1136 1020 1212 1059 aut
1251 1020 1399 1072 petere
1432 1017 1686 1060 sustineret.

196 1085 366 1130 Postea
383 1086 432 1130 id
454 1099 632 1143 quoque
648 1084 859 1136 accessit,
872 1088 921 1127 ut
941 1084 1134 1128 saevitiae
1156 1098 1339 1128 causam
1359 1086 1549 1130 avaritia
1568 1099 1688 1142 prae-

197 1156 339 1208 beret,
360 1160 408 1198 et
428 1154 587 1198 modus
606 1155 753 1210 culpae
776 1166 838 1196 ex
865 1154 1068 1210 pecuniae
1093 1154 1229 1197 modo
1251 1157 1627 1208 constitueretur,⁹
1644 1152 1690 1198 et

198 1225 280 1282 q'ui
316 1224 474 1268 fuisset
506 1224 727 1279 locuples,
766 1223 893 1266 fieret
925 1229 1132 1275 nocenS,9
1163 1224 1234 1266 sui
1267 1225 1462 1281 quisque
1498 1224 1689 1281 periculi

198 1305 373 1336 merces
393 1291 598 1349 [foret],¹0
617 1304 702 1334 nec
724 1291 965 1346 quicquam
985 1291 1210 1335 videretur
1237 1296 1380 1350 turpe,
1414 1294 1537 1350 quod
1568 1296 1690 1336 esset

198 1365 518 1416 quaestuosum.
1687 1364 1689 1367 ’

256 1431 328 1475 23.
360 1431 619 1474 Secundum
654 1430 814 1474 deinde
847 1431 1133 1474 consulatum
1172 1431 1334 1485 Cinna,
1368 1437 1413 1476 et
1452 1433 1689 1490 septimum

202 1499 378 1544 Marius
410 1501 457 1543 in
488 1502 688 1556 priorum
709 1500 904 1543 dedecus
924 1500 1035 1543 iniit.
1067 1501 1145 1556 [U.
1168 1515 1206 1544 c.
1228 1502 1329 1546 668.
1351 1516 1390 1546 a.
1412 1501 1513 1546 Chr.
1533 1517 1575 1546 n.
1597 1501 1689 1555 85]

200 1568 341 1626 CuJus
362 1570 490 1613 initio
504 1570 661 1613 morbo
680 1581 927 1625 oppressus
943 1569 1155 1622 decessit,
1177 1571 1245 1613 vir
1259 1572 1306 1614 in
1325 1571 1446 1615 bello
1464 1571 1688 1624 hostibus,

197 1639 246 1681 in
278 1639 370 1682 otio
401 1639 581 1682 civibus
616 1638 948 1690 infestissimUS‚
977 1639 1230 1694 quietisque
1260 1640 1689 1696 impatientissimus.

200 1703 257 1750 In
275 1708 412 1764 hujus
431 1709 581 1752 locum
603 1707 813 1751 suffectus
829 1707 1275 1762 Valerius-Flaccus,
1288 1710 1560 1766 turpissimae
1576 1711 1690 1764 legis

201 1780 374 1829 auctor,
398 1790 488 1832 qua
513 1776 808 1820 creditoribus
829 1777 1140 1833 quadrantem³
1164 1779 1277 1822 solvi
1303 1780 1529 1836 jusserat:
1562 1780 1690 1837 cujus

202 1845 311 1888 facti
329 1846 496 1889 merita‘
513 1860 613 1889 eum
631 1859 770 1901 poena
789 1846 903 1889 iutra
924 1847 1154 1890 biennium
1176 1852 1421 1892 consecuta
1447 1852 1532 1891 est.
1594 1848 1690 1890 Do-

204 1915 399 1958 minante
419 1916 463 1957 in
486 1915 625 1958 Italia
641 1915 799 1967 Cinna,
820 1915 966 1972 major
987 1930 1092 1972 pars
1113 1919 1359 1962 nobilitatis
1378 1917 1435 1961 ad
1450 1918 1623 1974 Syllam
1643 1918 1691 1959 in

242 2061 259 2076 ¹·
284 2056 414 2089 Marcus
429 2056 600 2097 Antonius,
615 2057 825 2090 nobilissimus
839 2061 935 2100 atque
949 2059 1218 2101 eloquentissimas
1231 2059 1329 2099 urbis,
1342 2061 1396 2101 sse.

243 2104 256 2120 ⁰
280 2099 409 2132 Partim
434 2099 547 2132 hausto
568 2100 735 2140 mortisero
759 2101 844 2141 aere,
865 2102 987 2144 partim
1009 2103 1134 2135 ademta
1153 2103 1334 2145 respirandi
1345 2106 1514 2145 potestate,
1531 2103 1692 2136 enindus

201 2144 249 2175 eut
263 2146 374 2185 mrte,
391 2144 494 2184 magis
507 2154 548 2176 ex
564 2145 701 2176 'nostium
714 2145 870 2177 desiderio
882 2155 974 2187 quam
989 2156 1030 2178 ex
1045 2155 1162 2178 eorum
1178 2147 1325 2180 arbitrio.

241 2192 261 2213 Ρ
284 2187 326 2219 In
340 2186 498 2229 republica
512 2188 617 2220 omnia
629 2187 762 2220 ruebant
776 2188 811 2220 in
827 2192 1002 2221 extremam
1017 2190 1195 2223 discrimen.

243 2236 258 2258 ⁹
283 2231 329 2263 Et
345 2232 532 2273 magnitudo
547 2232 646 2274 culpoe
660 2233 874 2265 ‹estimaretur
889 2242 930 2265 ex
944 2233 1036 2275 copia
1049 2234 1246 2267 divitiarum.

962 2319 1059 2331 W

200 2372 267 2406 Ed.
283 2372 392 2406 Basil.
424 2372 488 2406 Ed.
504 2382 556 2416 pr.
572 2373 818 2407 inuocem—10
843 2374 943 2407 Feret
970 2375 1007 2408 in
1036 2374 1126 2408 Edd.
1142 2375 1312 2418 plurimis,
1337 2375 1398 2408 sed
1421 2375 1691 2419 expungendum

870 2484 1013 2519 NOTAE

202 2560 316 2604 priore
333 2559 503 2602 potiorem
520 2570 597 2594 esse
607 2561 817 2603 judicamus.
973 2562 1050 2595 isse.
1096 2562 1176 2595 Hoc
1204 2571 1287 2594 vero
1310 2571 1428 2604 sensu,
1452 2570 1521 2605 quo
1535 2561 1692 2603 explicet

244 2617 256 2634 ⁸
280 2611 516 2653 Quadrantem]
542 2613 583 2645 ld
599 2616 667 2654 est,
683 2618 843 2657 quartam
859 2613 919 2647 de·
973 2614 1076 2646 modo
1106 2614 1312 2655 quadrantem
1338 2609 1404 2645 non
1437 2613 1622 2645 admodum
1653 2613 1693 2644 li·

199 2662 353 2696 bitorum
370 2668 506 2706 partem
512 2687 522 2704 ‚
538 2675 608 2707 qua
619 2665 732 2698 soluta
743 2665 919 2698 debitores
974 2671 1072 2710 quet.

202 2715 347 2758 reliquis
374 2715 531 2758 partibus
558 2716 799 2749 liberarentur.
845 2718 919 2750 Ma-
1017 2719 1027 2739 ²
1051 2717 1150 2758 Cujus
1176 2717 1265 2757 sacti
1298 2715 1431 2756 merita]
1478 2715 1564 2747 Cum
1599 2714 1690 2747 enim

204 2767 319 2800 nutiu·
333 2766 379 2800 de
405 2778 523 2809 usura,
543 2778 611 2801 non
635 2769 679 2801 de
695 2769 830 2802 credito
847 2779 917 2802 rem
973 2774 1120 2812 propter
1137 2769 1317 2801 avaritiam
1341 2767 1470 2799 invisus
1486 2771 1577 2799 esset
1593 2776 1692 2799 exer-

206 2817 374 2860 expstcat,
402 2818 522 2861 aitque
562 2820 738 2860 Flaccum,
768 2820 919 2862 exempli
976 2821 1061 2854 citui
1078 2831 1152 2861 suo,
1166 2830 1187 2852 a
1199 2821 1240 2853 C.
1255 2819 1420 2862 Fimbria,
1435 2827 1576 2853 summae
1589 2817 1692 2852 auda-

202 2877 319 2910 cautn,
345 2873 464 2903 temo·
499 2880 656 2904 nummos
687 2881 733 2904 ex
763 2872 920 2905 centenis
976 2872 1042 2905 ciae
1059 2871 1145 2914 viro,
1160 2870 1294 2904 occisus
1309 2874 1373 2903 est.

205 2919 315 2963 pendi
340 2922 524 2964 quotanni-
539 2931 655 2957 usurae
671 2923 811 2957 nomine
826 2923 920 2957 volu·
