2002 3250
329 250 421 304 138.
767 267 809 299 c.
845 265 1057 298 anlAEu.
1084 264 1379 298 PATERcum

329 360 597 420 petebatur.f
651 362 726 407 Ita
748 363 815 407 vir
829 364 996 420 optime
1015 364 1200 407 meritus
1216 362 1272 406 de
1290 361 1522 418 republica
1543 354 1825 407 conservatae·

330 432 490 491 patriae
525 431 721 488 pretium
751 432 1093 475 calamitatem¹⁵
1125 430 1252 474 exilii
1272 430 1385 474 tulit.
1446 429 1559 473 Non
1580 433 1823 474 caruerunt

331 500 590 558 suspicione
624 501 833 557 oppressi
865 499 1112 544 Ciceronis·
1126 499 1284 545 Gaesar
1318 502 1362 543 et
1387 498 1650 556 Pompeius.
1712 498 1821 542 Hoc

332 571 424 614 sibi
457 570 738 614 contraxisse
774 568 1009 614 videbatur
1045 569 1220 623 cicero,
1254 569 1376 626 quod
1416 568 1533 612 inter
1569 578 1677 612 xx.-
1698 567 1822 612 viros

331 638 568 683 dividendo
589 651 694 693 agro
715 635 972 694 Campanoss
999 649 1100 683 esse
1121 638 1349 682 noluisset.
1409 636 1538 680 Idem
1556 637 1674 681 intra
1695 636 1825 682 bien-r

331 705 474 750 niumh
492 705 571 763 [U.
591 720 631 750 c.
647 706 748 750 697.
769 719 811 750 a.
830 705 935 750 Chr.
949 720 992 750 n.
1007 705 1104 762 56]
1131 720 1235 751 sera
1265 706 1347 750 Cn.
1369 706 1580 763 Pompeii
1599 719 1725 760 cura,
1743 717 1821 750 ve-

331 789 447 830 rum,
469 778 519 819 ut
545 774 703 831 coepit,
721 774 954 828 intenta,⁶³
980 776 1189 834 votisque
1220 775 1367 820 Italiae
1387 787 1442 819 ac
1473 775 1667 820 decretis
1683 779 1829 819 'sena--

331 848 419 897 tuS‚
438 844 600 889 virtute
621 847 757 901 atque
778 844 958 889 actione
975 844 1113 889 Annii
1131 843 1334 889 Milonisk
1353 844 1520 888 tribuni
1539 843 1707 900 plebis,
1727 843 1827 901 dig-

332 913 464 968 nitati
477 913 730 970 patriaeque
750 913 985 958 restitutus
1006 911 1086 958 est.
1145 912 1311 970 Neque
1338 916 1444 969 post
1473 911 1712 965 Numidici
1730 913 1827 957 exi-
1876 933 1887 945 ι

331 978 454 1025 lium²
473 985 554 1024 aut
572 981 779 1033 reditum,
802 981 1044 1038 quisquam
1069 985 1147 1025 aut
1166 981 1388 1039 expulsus
1411 980 1724 1034 invidiosius,¹¹²
1745 986 1825 1025 aut

333 1053 538 1108 receptus
565 1050 635 1095 ‘est
662 1051 825 1095 laetius.
887 1050 1029 1109 Cujus
1063 1050 1238 1102 domus,
1272 1061 1410 1107 quam
1429 1048 1586 1094 infeste
1608 1061 1638 1093 a
1655 1047 1824 1094 Glodio

984 1168 997 1183 ⁸
1020 1163 1165 1197 Poenam.

339 1345 405 1378 Ed.
424 1355 477 1388 pr.
492 1347 684 1381 damnatum.
686 1350 751 1381 -4
773 1346 831 1380 Ita
846 1346 914 1381 Ed.
929 1347 1038 1381 Basil.
1060 1346 1130 1380 Ed.
1145 1356 1199 1390 pr.
1215 1350 1324 1380 et.-5
1350 1345 1443 1380 Edd.
1459 1345 1619 1389 plurimae
1634 1345 1828 1379 calamime.

335 1392 402 1421 -6
417 1389 474 1422 Sic
487 1390 682 1439 Wopkens.
695 1391 733 1424 in
749 1391 855 1424 Misc.
870 1391 958 1425 Obs.
968 1391 1048 1425 Vol.
1061 1400 1144 1424 vm.
1155 1401 1190 1434 p.
1207 1394 1261 1425 51.
1277 1391 1454 1434 probante
1471 1390 1658 1424 Ruhnken.
1683 1389 1760 1429 ..Ed
1773 1399 1828 1432 pr.

335 1436 367 1464 et
382 1432 470 1475 cupit
481 1433 630 1477 interita,
645 1434 739 1468 unde
756 1434 822 1468 Ed.
837 1430 948 1468 Basil.
962 1434 1192 1486 probantibus
1205 1434 1326 1468 Ursin.
1341 1431 1493 1468 Putean.
1506 1438 1544 1467 et
1553 1434 1658 1467 Voss.
1673 1435 1711 1465 ut
1724 1433 1831 1475 coepit,

335 1475 512 1509 interrita.-
545 1478 701 1512 Rhenan.
736 1482 775 1512 et
797 1478 938 1514 Manat.
963 1481 995 1512 et
1019 1478 1125 1521 cupito
1155 1478 1305 1522 interitu,
1334 1478 1427 1522 quod
1449 1476 1626 1522 Schegkio
1649 1476 1826 1520 displicet.

1003 1578 1146 1612 NOTAE

379 1652 391 1673 s
416 1654 534 1687 Tamen
547 1654 631 1687 solus
641 1653 825 1696 petebatur]
848 1654 891 1687 Id
911 1657 981 1698 est,
995 1663 1054 1687 no-

337 1706 497 1746 tabatur3
509 1715 589 1738 nam
598 1706 721 1739 Cicero
732 1706 935 1748 Lentulum,
943 1709 980 1740 et
990 1706 1056 1739 Ce-

336 1757 491 1799 thegum,
511 1757 666 1800 aliosque
688 1757 904 1801 conjuratos,
926 1757 963 1791 in
982 1767 1057 1792 car-

337 1817 432 1849 cere,
445 1806 581 1840 indicta
595 1816 711 1851 causa,
725 1813 923 1843 necaverat.

381 1864 397 1887 τ
419 1858 601 1905 Dividenda
611 1868 692 1900 agro
706 1857 885 1903 Campa‘no]
899 1859 1052 1894 subaud.

339 1910 561 1952 praepositos.

381 1960 411 1982 ¹¹
407 1961 508 1994 Idem
532 1961 622 1994 intra
642 1960 818 2004 biennium]
842 1960 973 1995 Abfuit
998 1962 1054 1995 Ci-

338 2023 420 2046 cero
447 2017 582 2046 tantum
603 2022 740 2047 menses
765 2013 1054 2057 quatuordecim;

339 2065 456 2107 pulsus
473 2064 563 2097 enim
580 2065 616 2097 in
639 2065 783 2099 exilium
804 2075 883 2099 ann.
897 2068 973 2099 695.
989 2066 1056 2100 cir·

339 2117 428 2150 citer
453 2117 533 2151 Kal.
558 2116 707 2161 Aprilis,
737 2128 826 2152 anno
853 2118 1055 2162 insequenti

339 2168 454 2211 rediit,
468 2178 588 2202 mense
600 2169 731 2202 sextili.
775 2169 987 2203 Plutarchus
1004 2174 1056 2203 ta-

339 2228 418 2251 men
446 2229 582 2252 menses
621 2219 774 2254 sedecim
811 2220 1054 2264 computavit:

339 2270 413 2314 sed,
428 2270 537 2313 Lipsii
547 2271 696 2314 judicio,
712 2280 835 2315 parum
850 2277 988 2306 exacte.

382 2323 390 2344 ¹
418 2320 546 2366 Verum,
569 2327 605 2356 ut
631 2324 739 2367 coepit,
764 2324 906 2366 intenta]
942 2325 1055 2368 Vulgo

339 2372 524 2415 legebatur
536 2384 644 2407 verum
654 2378 685 2407 et
697 2375 785 2417 cupit
796 2375 949 2409 interita.-
963 2376 1055 2409 Rhe-

340 2432 448 2458 nanus
463 2424 593 2459 edidit:
615 2436 722 2459 verum
737 2430 770 2459 et
788 2427 894 2471 cupito
907 2427 1056 2462 interitu.

341 2474 489 2509 Ursinus
510 2475 643 2509 edidit:
667 2487 787 2520 verum,
813 2482 851 2511 ut
876 2479 983 2522 coepit,
1006 2479 1057 2512 in-

341 2527 468 2563 territa.
526 2529 637 2563 Juxta
672 2529 831 2564 Rhenani
859 2530 1059 2573 lectionem,

344 2588 448 2622 quam
469 2579 626 2623 sequitur
649 2580 806 2622 Vossius,
830 2590 947 2614 sensus
974 2586 1053 2615 est:

341 2630 445 2664 Idem
473 2630 598 2664 Cicero
622 2630 715 2663 iutra
744 2631 830 2664 duos
853 2641 959 2665 annos
987 2632 1056 2666 suis

341 2680 573 2723 'dignitatibus
597 2685 635 2714 et
658 2682 785 2724 patriae
811 2681 968 2716 redditus
993 2687 1059 2726 est,

344 2742 453 2775 opera
482 2742 586 2776 quam
624 2732 676 2765 illi
706 2733 830 2766 Cnaeus
870 2733 1059 2777 Pompeius

344 2783 524 2825 praestitit,
547 2793 626 2817 sero
650 2783 805 2826 quidem,
834 2787 939 2827 atque
955 2784 1061 2818 etiam

346 2836 430 2875 post
444 2832 679 2867 desideratam
699 2833 878 2867 Ciceronis
898 2840 1058 2878 mortem,

347 2885 413 2918 &m
472 2884 583 2919 Juxta
606 2885 725 2919 Ursini
750 2895 834 2919 vero
859 2886 1059 2930 lectionem,

1107 1664 1211 1697 quam
1221 1653 1361 1698 Lipsius
1371 1658 1408 1688 et
1418 1653 1610 1699 Schegkius
1622 1657 1829 1701 sequnntur,
1836 1684 1848 1695 fr

1108 1715 1228 1740 sensus
1254 1711 1331 1740 est:
1365 1706 1490 1741 Cicero
1511 1706 1638 1749 patriae
1670 1706 1830 1740 redditus

1108 1760 1163 1790 est
1179 1767 1288 1801 opera
1301 1768 1404 1802 quam
1430 1758 1558 1792 Cnaeus
1572 1757 1764 1802 Pompeius
1779 1758 1830 1792 illi

1108 1809 1292 1852 praestitit,
1307 1809 1410 1843 tarde
1432 1808 1587 1853 quidem,
1613 1813 1664 1852 at,
1689 1818 1734 1843 ex
1759 1810 1830 1854 quo

1108 1868 1186 1905 eam
1202 1859 1254 1892 illi
1269 1863 1438 1903 praestare
1451 1860 1572 1903 coepit,
1588 1859 1784 1894 interritus.

1152 1909 1168 1932 ¹¹
1197 1910 1327 1945 Virtute
1337 1914 1430 1955 atque
1439 1910 1564 1946 actione
1574 1901 1664 1947 Διιπ.
1676 1911 1831 1956 Milonis]

1107 1963 1153 1997 Id
1168 1967 1234 2006 est,
1249 1964 1364 1997 animo
1381 1967 1420 1998 et
1445 1961 1574 2007 studio,
1597 1973 1667 2007 quo
1693 1963 1830 1998 Annius

1108 2014 1198 2048 Milo
1220 2013 1393 2048 Tribunus
1411 2013 1526 2057 plebis
1549 2013 1624 2058 egit
1651 2014 1747 2057 apud
1767 2023 1828 2058 po-

1108 2066 1245 2109 pulum,
1260 2069 1301 2099 ut
1321 2066 1350 2100 is
1365 2065 1546 2100 Ciceronis
1561 2064 1716 2100 reditum
1739 2076 1833 2101 com·

1109 2117 1286 2161 probaret.
1314 2117 1384 2151 Ubi
1396 2116 1598 2151 observabis
1614 2116 1728 2151 obiter
1739 2113 1825 2151 acti-

1108 2178 1210 2202 onem
1226 2168 1322 2203 varie
1334 2168 1419 2202 dici.
1458 2171 1490 2203 1.
1505 2167 1579 2202 Pro
1590 2177 1632 2202 ea
1642 2171 1744 2211 parte
1759 2169 1829 2215 elo-

1110 2221 1263 2264 quentiae
1295 2229 1374 2264 quae
1389 2228 1475 2253 voce
1490 2223 1659 2263 motuque
1673 2219 1829 2262 eorporis

1110 2273 1263 2305 constat.
1283 2273 1318 2305 2.
1332 2271 1404 2304 Pro
1414 2269 1652 2313 accusatione,
1664 2270 1832 2314 quemad-

1109 2322 1251 2357 modum
1266 2325 1366 2356 actor
1378 2330 1441 2365 pro
1454 2324 1658 2355 accusatore
1670 2320 1832 2355 sumitur.

1111 2377 1143 2408 3.
1157 2373 1231 2406 Pro
1255 2372 1415 2406 oratione
1440 2381 1518 2415 quae
1546 2370 1692 2415 alicujus
1713 2369 1832 2405 defen-

1112 2424 1219 2458 dendi
1235 2424 1349 2468 gratia
1362 2423 1416 2456 fit.
1459 2425 1492 2456 4.
1513 2421 1587 2455 Pro
1595 2422 1676 2466 jure
1691 2422 1832 2466 agendi,

1112 2475 1186 2510 sive
1205 2474 1378 2518 judicium
1391 2472 1599 2508 intentandi.
1644 2477 1679 2508 5.
1693 2473 1767 2508 Pro
1782 2473 1832 2509 vi-

1112 2527 1219 2561 vendi
1242 2526 1378 2560 ratione
1400 2535 1461 2559 seu
1488 2524 1602 2559 modo.
1639 2525 1754 2559 Cicer.
1769 2533 1830 2558 ιιι.

1112 2577 1217 2612 Offie.
1252 2578 1297 2611 ad
1329 2587 1389 2611 eas
1416 2586 1473 2610 res
1499 2574 1674 2619 parandas
1701 2574 1828 2619 quibus

1113 2630 1207 2664 actio
1218 2629 1302 2664 vitae
1316 2629 1529 2663 continetur.

1156 2681 1165 2703 ¹
1189 2682 1271 2714 Post
1283 2679 1451 2714 Numidici
1459 2676 1607 2720 exilium]
1627 2677 1830 2720 cognomen
1871 2694 1876 2698 >

1115 2735 1170 2765 est
1185 2731 1340 2773 Metelli,
1356 2741 1376 2764 a
1392 2729 1562 2764 Numidia
1574 2727 1726 2763 devicta.

1157 2789 1181 2806 m
1204 2783 1412 2826 Invidiosius]
1442 2782 1487 2816 Id
1509 2786 1577 2824 est,
1603 2781 1725 2824 majori
1749 2790 1829 2815 cum

1112 2836 1193 2870 odio
1220 2846 1337 2871 eorum
1362 2837 1421 2882 qui
1435 2836 1536 2881 hujus
1551 2833 1649 2880 exilii
1662 2836 1827 2880 auctores

1114 2891 1227 2921 erant.
