<?xml version="1.0" encoding="UTF-8"?>
<!DOCTYPE html PUBLIC "-//W3C//DTD XHTML 1.0 Transitional//EN"
    "http://www.w3.org/TR/xhtml1/DTD/xhtml1-transitional.dtd">
<html xmlns="http://www.w3.org/1999/xhtml" xml:lang="en" lang="en">
 <head>
  <title>
</title>
<meta http-equiv="Content-Type" content="text/html;charset=utf-8" />
  <meta name='ocr-system' content='tesseract 3.04.00' />
  <meta name='ocr-capabilities' content='ocr_page ocr_carea ocr_par ocr_line ocrx_word'/>
</head>
<body>
  <div class='ocr_page' id='page_1' title='image "./historiaromanaex00velluoft_0512.png"; bbox 0 0 2008 3210; ppageno 0'>
   <div class='ocr_carea' id='block_1_1' title="bbox 324 212 1367 256">
    <p class='ocr_par' dir='ltr' id='par_1_1' title="bbox 324 212 1367 256">
     <span class='ocr_line' id='line_1_1' title="bbox 324 212 1367 256; baseline -0.005 0"><span class='ocrx_word' id='word_1_1' title='bbox 324 212 412 256; x_wconf 78' lang='lat'><strong>600</strong></span> <span class='ocrx_word' id='word_1_2' title='bbox 779 219 1041 254; x_wconf 64' lang='lat' dir='ltr'><strong>necessus</strong></span> <span class='ocrx_word' id='word_1_3' title='bbox 1076 218 1367 253; x_wconf 66' lang='lat' dir='ltr'><strong>emmonim</strong></span> 
     </span>
    </p>
   </div>
   <div class='ocr_carea' id='block_1_2' title="bbox 884 387 1249 429">
    <p class='ocr_par' dir='ltr' id='par_1_2' title="bbox 884 387 1249 429">
     <span class='ocr_line' id='line_1_2' title="bbox 884 387 1249 429; baseline -0.008 0"><span class='ocrx_word' id='word_1_4' title='bbox 884 387 1249 429; x_wconf 81' lang='lat' dir='ltr'><strong>GERMANICAE.</strong></span> 
     </span>
    </p>
   </div>
   <div class='ocr_carea' id='block_1_3' title="bbox 333 477 1810 603">
    <p class='ocr_par' dir='ltr' id='par_1_3' title="bbox 333 477 1810 603">
     <span class='ocr_line' id='line_1_3' title="bbox 333 477 1809 537; baseline -0.008 -7"><span class='ocrx_word' id='word_1_5' title='bbox 333 495 432 537; x_wconf 89' lang='lat'>1781</span> <span class='ocrx_word' id='word_1_6' title='bbox 463 491 548 534; x_wconf 87' lang='lat' dir='ltr'><strong>Des</strong></span> <span class='ocrx_word' id='word_1_7' title='bbox 576 489 738 529; x_wconf 83' lang='lat' dir='ltr'><strong>Publius</strong></span> <span class='ocrx_word' id='word_1_8' title='bbox 770 487 949 527; x_wconf 81' lang='lat' dir='ltr'><strong>Velleius</strong></span> <span class='ocrx_word' id='word_1_9' title='bbox 974 486 1204 526; x_wconf 84' lang='lat' dir='ltr'><strong>Paterculus</strong></span> <span class='ocrx_word' id='word_1_10' title='bbox 1235 484 1375 524; x_wconf 89' lang='lat' dir='ltr'><strong>kurzer</strong></span> <span class='ocrx_word' id='word_1_11' title='bbox 1406 481 1544 535; x_wconf 84' lang='lat' dir='ltr'><strong>Begrif</strong></span> <span class='ocrx_word' id='word_1_12' title='bbox 1556 480 1627 520; x_wconf 88' lang='lat' dir='ltr'><strong>der</strong></span> <span class='ocrx_word' id='word_1_13' title='bbox 1643 477 1809 520; x_wconf 81' lang='lat' dir='ltr'><strong>Roemis·</strong></span> 
     </span>
     <span class='ocr_line' id='line_1_4' title="bbox 384 543 1810 603; baseline -0.008 -9"><span class='ocrx_word' id='word_1_14' title='bbox 384 555 484 594; x_wconf 89' lang='lat' dir='ltr'><strong>chen</strong></span> <span class='ocrx_word' id='word_1_15' title='bbox 518 554 758 594; x_wconf 86' lang='lat' dir='ltr'><strong>Geschichte</strong></span> <span class='ocrx_word' id='word_1_16' title='bbox 778 560 853 592; x_wconf 84' lang='lat' dir='ltr'><strong>von</strong></span> <span class='ocrx_word' id='word_1_17' title='bbox 873 547 1099 603; x_wconf 83' lang='lat' dir='ltr'><strong>Griindung</strong></span> <span class='ocrx_word' id='word_1_18' title='bbox 1130 551 1201 590; x_wconf 89' lang='lat' dir='ltr'><strong>der</strong></span> <span class='ocrx_word' id='word_1_19' title='bbox 1231 548 1347 590; x_wconf 83' lang='lat' dir='ltr'><strong>stadt</strong></span> <span class='ocrx_word' id='word_1_20' title='bbox 1375 549 1475 587; x_wconf 90' lang='lat' dir='ltr'><strong>Rom</strong></span> <span class='ocrx_word' id='word_1_21' title='bbox 1496 560 1545 586; x_wconf 85' lang='lat' dir='ltr'><strong>an</strong></span> <span class='ocrx_word' id='word_1_22' title='bbox 1561 545 1622 585; x_wconf 82' lang='lat' dir='ltr'><strong>bis</strong></span> <span class='ocrx_word' id='word_1_23' title='bbox 1642 543 1716 585; x_wconf 79' lang='lat' dir='ltr'><strong>auf</strong></span> <span class='ocrx_word' id='word_1_24' title='bbox 1730 543 1810 583; x_wconf 87' lang='lat' dir='ltr'><strong>den</strong></span> 
     </span>
    </p>
   </div>
   <div class='ocr_carea' id='block_1_4' title="bbox 383 610 1811 724">
    <p class='ocr_par' dir='ltr' id='par_1_4' title="bbox 383 610 1811 724">
     <span class='ocr_line' id='line_1_5' title="bbox 383 610 1811 661; baseline -0.008 -3"><span class='ocrx_word' id='word_1_25' title='bbox 383 619 540 658; x_wconf 90' lang='lat' dir='ltr'><strong>Konsul</strong></span> <span class='ocrx_word' id='word_1_26' title='bbox 561 620 722 658; x_wconf 86' lang='lat' dir='ltr'><strong>Marcus</strong></span> <span class='ocrx_word' id='word_1_27' title='bbox 740 617 930 657; x_wconf 84' lang='lat' dir='ltr'><strong>Vinicius.</strong></span> <span class='ocrx_word' id='word_1_28' title='bbox 970 617 1055 656; x_wconf 88' lang='lat' dir='ltr'><strong>Aus</strong></span> <span class='ocrx_word' id='word_1_29' title='bbox 1076 616 1166 655; x_wconf 86' lang='lat' dir='ltr'><strong>dem</strong></span> <span class='ocrx_word' id='word_1_30' title='bbox 1187 612 1472 654; x_wconf 81' lang='lat' dir='ltr'><strong>Lateinischen.</strong></span> <span class='ocrx_word' id='word_1_31' title='bbox 1507 610 1741 661; x_wconf 85' lang='lat' dir='ltr'><strong>Rotenburg</strong></span> <span class='ocrx_word' id='word_1_32' title='bbox 1760 620 1811 647; x_wconf 76' lang='lat' dir='ltr'><strong>an</strong></span> 
     </span>
     <span class='ocr_line' id='line_1_6' title="bbox 386 684 672 724; baseline -0.003 -1"><span class='ocrx_word' id='word_1_33' title='bbox 386 685 458 723; x_wconf 86' lang='lat' dir='ltr'><strong>der</strong></span> <span class='ocrx_word' id='word_1_34' title='bbox 477 684 613 723; x_wconf 86' lang='lat' dir='ltr'><strong>Fulde.</strong></span> <span class='ocrx_word' id='word_1_35' title='bbox 635 690 672 724; x_wconf 87' lang='lat'><strong>8.</strong></span> 
     </span>
    </p>
   </div>
   <div class='ocr_carea' id='block_1_5' title="bbox 338 737 1865 996">
    <p class='ocr_par' dir='ltr' id='par_1_5' title="bbox 338 737 1865 996">
     <span class='ocr_line' id='line_1_7' title="bbox 338 737 1865 797; baseline -0.009 -8"><span class='ocrx_word' id='word_1_36' title='bbox 338 753 439 797; x_wconf 84' lang='lat'>1793</span> <span class='ocrx_word' id='word_1_37' title='bbox 468 749 550 788; x_wconf 88' lang='lat' dir='ltr'><strong>Des</strong></span> <span class='ocrx_word' id='word_1_38' title='bbox 569 748 687 788; x_wconf 86' lang='lat' dir='ltr'><strong>Caius</strong></span> <span class='ocrx_word' id='word_1_39' title='bbox 709 746 877 786; x_wconf 86' lang='lat' dir='ltr'><strong>Velleius</strong></span> <span class='ocrx_word' id='word_1_40' title='bbox 896 745 1123 785; x_wconf 73' lang='lat' dir='ltr'><strong>paterculus</strong></span> <span class='ocrx_word' id='word_1_41' title='bbox 1159 743 1381 783; x_wconf 84' lang='lat' dir='ltr'><strong>Roemische</strong></span> <span class='ocrx_word' id='word_1_42' title='bbox 1417 740 1679 781; x_wconf 78' lang='lat' dir='ltr'><strong>Gescliichte.</strong></span> <span class='ocrx_word' id='word_1_43' title='bbox 1711 737 1813 797; x_wconf 9' lang='lat' dir='ltr'><strong>*Ue-</strong></span> <span class='ocrx_word' id='word_1_44' title='bbox 1862 793 1865 796; x_wconf 14' lang='grc' dir='ltr'><strong><em>Δ</em></strong></span> 
     </span>
     <span class='ocr_line' id='line_1_8' title="bbox 387 798 1815 860; baseline -0.008 -7"><span class='ocrx_word' id='word_1_45' title='bbox 387 815 561 853; x_wconf 80' lang='lat' dir='ltr'><strong>bersetzt</strong></span> <span class='ocrx_word' id='word_1_46' title='bbox 581 826 656 852; x_wconf 90' lang='lat' dir='ltr'><strong>von</strong></span> <span class='ocrx_word' id='word_1_47' title='bbox 677 811 898 852; x_wconf 85' lang='lat' dir='ltr'><strong>Friederich</strong></span> <span class='ocrx_word' id='word_1_48' title='bbox 918 810 1081 850; x_wconf 85' lang='lat' dir='ltr'>Jacobs.</span> <span class='ocrx_word' id='word_1_49' title='bbox 1129 807 1303 860; x_wconf 82' lang='lat' dir='ltr'><strong>Leipzig.</strong></span> <span class='ocrx_word' id='word_1_50' title='bbox 1319 807 1604 847; x_wconf 80' lang='lat' dir='ltr'><strong>8.-Praestans</strong></span> <span class='ocrx_word' id='word_1_51' title='bbox 1623 798 1815 854; x_wconf 75' lang='lat' dir='ltr'><strong>interpre-</strong></span> 
     </span>
     <span class='ocr_line' id='line_1_9' title="bbox 387 860 1816 926; baseline -0.008 -8"><span class='ocrx_word' id='word_1_52' title='bbox 387 879 502 926; x_wconf 82' lang='lat' dir='ltr'><strong>tatio,</strong></span> <span class='ocrx_word' id='word_1_53' title='bbox 521 884 720 918; x_wconf 84' lang='lat' dir='ltr'><strong>auctorem</strong></span> <span class='ocrx_word' id='word_1_54' title='bbox 741 890 819 915; x_wconf 87' lang='lat' dir='ltr'><strong>non</strong></span> <span class='ocrx_word' id='word_1_55' title='bbox 840 876 965 915; x_wconf 86' lang='lat' dir='ltr'><strong>solum</strong></span> <span class='ocrx_word' id='word_1_56' title='bbox 995 873 1165 914; x_wconf 86' lang='lat' dir='ltr'><strong>fideliter</strong></span> <span class='ocrx_word' id='word_1_57' title='bbox 1183 878 1225 913; x_wconf 88' lang='lat' dir='ltr'><strong>et</strong></span> <span class='ocrx_word' id='word_1_58' title='bbox 1243 885 1334 912; x_wconf 85' lang='lat' dir='ltr'><strong>vere</strong></span> <span class='ocrx_word' id='word_1_59' title='bbox 1350 871 1583 923; x_wconf 81' lang='lat' dir='ltr'><strong>exprimens,</strong></span> <span class='ocrx_word' id='word_1_60' title='bbox 1605 867 1673 908; x_wconf 87' lang='lat' dir='ltr'><strong>sed</strong></span> <span class='ocrx_word' id='word_1_61' title='bbox 1693 860 1816 907; x_wconf 78' lang='lat' dir='ltr'><strong>etiam</strong></span> 
     </span>
     <span class='ocr_line' id='line_1_10' title="bbox 392 942 940 996; baseline -0.009 -13"><span class='ocrx_word' id='word_1_62' title='bbox 392 943 476 996; x_wconf 83' lang='lat' dir='ltr'><strong>ejus</strong></span> <span class='ocrx_word' id='word_1_63' title='bbox 494 942 693 995; x_wconf 84' lang='lat' dir='ltr'><strong>ingenium</strong></span> <span class='ocrx_word' id='word_1_64' title='bbox 710 945 940 980; x_wconf 87' lang='lat' dir='ltr'><strong>consecuta.</strong></span> 
     </span>
    </p>
   </div>
   <div class='ocr_carea' id='block_1_6' title="bbox 944 1114 1260 1123">
    <p class='ocr_par' dir='ltr' id='par_1_6' title="bbox 944 1114 1260 1123">
     <span class='ocr_line' id='line_1_11' title="bbox 944 1114 1260 1123; baseline 0.003 -1"><span class='ocrx_word' id='word_1_65' title='bbox 944 1114 1260 1123; x_wconf 71' lang='lat'><em>-—-—-——.-.—</em></span> 
     </span>
    </p>
   </div>
   <div class='ocr_carea' id='block_1_7' title="bbox 343 1273 1839 2702">
    <p class='ocr_par' dir='ltr' id='par_1_7' title="bbox 343 1273 1839 2702">
     <span class='ocr_line' id='line_1_12' title="bbox 404 1273 1822 1336; baseline -0.006 -13"><span class='ocrx_word' id='word_1_66' title='bbox 404 1280 450 1323; x_wconf 94' lang='lat' dir='ltr'>N</span> <span class='ocrx_word' id='word_1_67' title='bbox 455 1291 658 1331; x_wconf 74' lang='lat' dir='ltr'><strong>ovEffl&#39;r,</strong></span> <span class='ocrx_word' id='word_1_68' title='bbox 680 1281 759 1336; x_wconf 92' lang='lat' dir='ltr'><strong>qui</strong></span> <span class='ocrx_word' id='word_1_69' title='bbox 779 1278 1087 1334; x_wconf 70' lang='lat' dir='ltr'><strong>praecedentes</strong></span> <span class='ocrx_word' id='word_1_70' title='bbox 1107 1278 1302 1332; x_wconf 85' lang='lat' dir='ltr'><strong>paginas</strong></span> <span class='ocrx_word' id='word_1_71' title='bbox 1316 1275 1483 1331; x_wconf 82' lang='lat' dir='ltr'><strong>legerit,</strong></span> <span class='ocrx_word' id='word_1_72' title='bbox 1497 1274 1698 1320; x_wconf 81' lang='lat' dir='ltr'><strong>codicem</strong></span> <span class='ocrx_word' id='word_1_73' title='bbox 1713 1273 1822 1318; x_wconf 88' lang='lat' dir='ltr'><strong>Vel-</strong></span> 
     </span>
     <span class='ocr_line' id='line_1_13' title="bbox 343 1343 1824 1403; baseline -0.003 -13"><span class='ocrx_word' id='word_1_74' title='bbox 343 1349 420 1391; x_wconf 86' lang='lat' dir='ltr'><strong>leii</strong></span> <span class='ocrx_word' id='word_1_75' title='bbox 437 1349 683 1400; x_wconf 83' lang='lat' dir='ltr'><strong>Paterculi,</strong></span> <span class='ocrx_word' id='word_1_76' title='bbox 703 1352 865 1403; x_wconf 77' lang='lat' dir='ltr'><strong>praeter</strong></span> <span class='ocrx_word' id='word_1_77' title='bbox 882 1360 1018 1390; x_wconf 89' lang='lat' dir='ltr'><strong>unum</strong></span> <span class='ocrx_word' id='word_1_78' title='bbox 1031 1348 1079 1388; x_wconf 91' lang='lat' dir='ltr'><strong>in</strong></span> <span class='ocrx_word' id='word_1_79' title='bbox 1090 1345 1368 1388; x_wconf 87' lang='lat' dir='ltr'><strong>bibliotheca</strong></span> <span class='ocrx_word' id='word_1_80' title='bbox 1380 1344 1590 1388; x_wconf 89' lang='lat' dir='ltr'><strong>Coenobii</strong></span> <span class='ocrx_word' id='word_1_81' title='bbox 1603 1343 1824 1387; x_wconf 80' lang='lat' dir='ltr'><strong>Benedic-</strong></span> 
     </span>
     <span class='ocr_line' id='line_1_14' title="bbox 345 1413 1825 1468; baseline -0.003 -9"><span class='ocrx_word' id='word_1_82' title='bbox 345 1418 425 1460; x_wconf 87' lang='lat' dir='ltr'><strong>tini</strong></span> <span class='ocrx_word' id='word_1_83' title='bbox 448 1418 743 1460; x_wconf 83' lang='lat' dir='ltr'><strong>Murbacensi</strong></span> <span class='ocrx_word' id='word_1_84' title='bbox 763 1430 803 1459; x_wconf 90' lang='lat' dir='ltr'><strong>a.</strong></span> <span class='ocrx_word' id='word_1_85' title='bbox 822 1417 952 1459; x_wconf 80' lang='lat'><strong>1515.</strong></span> <span class='ocrx_word' id='word_1_86' title='bbox 991 1416 1224 1458; x_wconf 85' lang='lat' dir='ltr'><strong>inventum</strong></span> <span class='ocrx_word' id='word_1_87' title='bbox 1242 1427 1344 1456; x_wconf 89' lang='lat' dir='ltr'><strong>esse</strong></span> <span class='ocrx_word' id='word_1_88' title='bbox 1361 1413 1545 1464; x_wconf 90' lang='lat' dir='ltr'><strong>nullum,</strong></span> <span class='ocrx_word' id='word_1_89' title='bbox 1567 1417 1616 1456; x_wconf 90' lang='lat' dir='ltr'><strong>et</strong></span> <span class='ocrx_word' id='word_1_90' title='bbox 1635 1413 1825 1468; x_wconf 81' lang='lat' dir='ltr'><strong>primam</strong></span> 
     </span>
     <span class='ocr_line' id='line_1_15' title="bbox 346 1479 1825 1541; baseline -0.004 -13"><span class='ocrx_word' id='word_1_91' title='bbox 346 1486 610 1538; x_wconf 86' lang='lat' dir='ltr'><strong>editionem,</strong></span> <span class='ocrx_word' id='word_1_92' title='bbox 625 1500 707 1541; x_wconf 88' lang='lat' dir='ltr'><strong>per</strong></span> <span class='ocrx_word' id='word_1_93' title='bbox 727 1486 916 1528; x_wconf 90' lang='lat' dir='ltr'><strong>Beatum</strong></span> <span class='ocrx_word' id='word_1_94' title='bbox 938 1484 1220 1534; x_wconf 78' lang='lat' dir='ltr'><strong>Rhenanam,</strong></span> <span class='ocrx_word' id='word_1_95' title='bbox 1241 1482 1438 1525; x_wconf 84' lang='lat' dir='ltr'><strong>Basileae</strong></span> <span class='ocrx_word' id='word_1_96' title='bbox 1458 1482 1587 1525; x_wconf 75' lang='lat'><strong>1520.</strong></span> <span class='ocrx_word' id='word_1_97' title='bbox 1615 1493 1676 1523; x_wconf 82' lang='lat' dir='ltr'><strong>ex</strong></span> <span class='ocrx_word' id='word_1_98' title='bbox 1688 1479 1825 1536; x_wconf 84' lang='lat' dir='ltr'><strong>hujus</strong></span> 
     </span>
     <span class='ocr_line' id='line_1_16' title="bbox 346 1548 1826 1609; baseline -0.004 -12"><span class='ocrx_word' id='word_1_99' title='bbox 346 1554 622 1609; x_wconf 83' lang='lat' dir='ltr'><strong>apographo,</strong></span> <span class='ocrx_word' id='word_1_100' title='bbox 670 1567 764 1596; x_wconf 90' lang='lat' dir='ltr'><strong>non</strong></span> <span class='ocrx_word' id='word_1_101' title='bbox 815 1554 911 1596; x_wconf 87' lang='lat' dir='ltr'><strong>sine</strong></span> <span class='ocrx_word' id='word_1_102' title='bbox 955 1552 1326 1595; x_wconf 78' lang='lat' dir='ltr'><strong>annotationibus</strong></span> <span class='ocrx_word' id='word_1_103' title='bbox 1351 1554 1397 1593; x_wconf 89' lang='lat' dir='ltr'><strong>et</strong></span> <span class='ocrx_word' id='word_1_104' title='bbox 1440 1548 1826 1592; x_wconf 72' lang='lat' dir='ltr'><strong>emendationibus</strong></span> 
     </span>
     <span class='ocr_line' id='line_1_17' title="bbox 345 1617 1827 1679; baseline -0.004 -14"><span class='ocrx_word' id='word_1_105' title='bbox 345 1624 517 1676; x_wconf 89' lang='lat' dir='ltr'><strong>multis,</strong></span> <span class='ocrx_word' id='word_1_106' title='bbox 556 1623 848 1679; x_wconf 70' lang='lat' dir='ltr'><strong>processisse.</strong></span> <span class='ocrx_word' id='word_1_107' title='bbox 930 1622 1106 1665; x_wconf 87' lang='lat' dir='ltr'><strong>Interea</strong></span> <span class='ocrx_word' id='word_1_108' title='bbox 1135 1620 1285 1662; x_wconf 81' lang='lat' dir='ltr'><strong>codex</strong></span> <span class='ocrx_word' id='word_1_109' title='bbox 1319 1619 1440 1675; x_wconf 87' lang='lat' dir='ltr'><strong>ipse,</strong></span> <span class='ocrx_word' id='word_1_110' title='bbox 1478 1618 1716 1674; x_wconf 85' lang='lat' dir='ltr'><strong>singularis</strong></span> <span class='ocrx_word' id='word_1_111' title='bbox 1750 1617 1827 1661; x_wconf 87' lang='lat' dir='ltr'><strong>ille</strong></span> 
     </span>
     <span class='ocr_line' id='line_1_18' title="bbox 349 1687 1829 1742; baseline -0.004 -8"><span class='ocrx_word' id='word_1_112' title='bbox 349 1693 495 1734; x_wconf 87' lang='lat' dir='ltr'><strong>codex</strong></span> <span class='ocrx_word' id='word_1_113' title='bbox 517 1690 854 1742; x_wconf 85' lang='lat' dir='ltr'><strong>Murbacensis‚</strong></span> <span class='ocrx_word' id='word_1_114' title='bbox 876 1690 1073 1733; x_wconf 85' lang='lat' dir='ltr'><strong>evanuit.</strong></span> <span class='ocrx_word' id='word_1_115' title='bbox 1133 1688 1330 1738; x_wconf 87' lang='lat' dir='ltr'><strong>Patebit,</strong></span> <span class='ocrx_word' id='word_1_116' title='bbox 1360 1688 1507 1742; x_wconf 87' lang='lat' dir='ltr'><strong>igitur,</strong></span> <span class='ocrx_word' id='word_1_117' title='bbox 1527 1687 1694 1730; x_wconf 90' lang='lat' dir='ltr'><strong>nullum</strong></span> <span class='ocrx_word' id='word_1_118' title='bbox 1722 1698 1829 1729; x_wconf 85' lang='lat' dir='ltr'><strong>auc·</strong></span> 
     </span>
     <span class='ocr_line' id='line_1_19' title="bbox 349 1755 1831 1812; baseline -0.003 -9"><span class='ocrx_word' id='word_1_119' title='bbox 349 1764 495 1803; x_wconf 87' lang='lat' dir='ltr'><strong>torem</strong></span> <span class='ocrx_word' id='word_1_120' title='bbox 515 1759 761 1802; x_wconf 87' lang='lat' dir='ltr'><strong>classicum</strong></span> <span class='ocrx_word' id='word_1_121' title='bbox 781 1758 1071 1801; x_wconf 88' lang='lat' dir='ltr'><strong>occasionem</strong></span> <span class='ocrx_word' id='word_1_122' title='bbox 1091 1756 1210 1800; x_wconf 87' lang='lat' dir='ltr'><strong>adeo</strong></span> <span class='ocrx_word' id='word_1_123' title='bbox 1230 1757 1484 1812; x_wconf 75' lang='lat' dir='ltr'><strong>praebuisse</strong></span> <span class='ocrx_word' id='word_1_124' title='bbox 1506 1755 1676 1799; x_wconf 90' lang='lat' dir='ltr'><strong>criticis</strong></span> <span class='ocrx_word' id='word_1_125' title='bbox 1711 1755 1831 1798; x_wconf 86' lang='lat' dir='ltr'><strong>inse-</strong></span> 
     </span>
     <span class='ocr_line' id='line_1_20' title="bbox 350 1822 1831 1882; baseline -0.003 -10"><span class='ocrx_word' id='word_1_126' title='bbox 350 1829 465 1872; x_wconf 86' lang='lat' dir='ltr'><strong>cutis</strong></span> <span class='ocrx_word' id='word_1_127' title='bbox 486 1828 596 1871; x_wconf 85' lang='lat' dir='ltr'><strong>artis</strong></span> <span class='ocrx_word' id='word_1_128' title='bbox 617 1826 903 1882; x_wconf 66' lang='lat' dir='ltr'><strong>conjecturalis</strong></span> <span class='ocrx_word' id='word_1_129' title='bbox 924 1826 1210 1869; x_wconf 83' lang='lat' dir='ltr'><strong>exercendae.</strong></span> <span class='ocrx_word' id='word_1_130' title='bbox 1270 1823 1372 1867; x_wconf 87' lang='lat' dir='ltr'><strong>Nec</strong></span> <span class='ocrx_word' id='word_1_131' title='bbox 1393 1825 1600 1868; x_wconf 85' lang='lat' dir='ltr'><strong>miremur</strong></span> <span class='ocrx_word' id='word_1_132' title='bbox 1630 1823 1687 1877; x_wconf 86' lang='lat' dir='ltr'><strong>si,</strong></span> <span class='ocrx_word' id='word_1_133' title='bbox 1709 1822 1831 1879; x_wconf 88' lang='lat' dir='ltr'><strong>quod</strong></span> 
     </span>
     <span class='ocr_line' id='line_1_21' title="bbox 351 1892 1828 1945; baseline -0.004 -4"><span class='ocrx_word' id='word_1_134' title='bbox 351 1897 433 1941; x_wconf 85' lang='lat' dir='ltr'><strong>vix</strong></span> <span class='ocrx_word' id='word_1_135' title='bbox 469 1897 525 1940; x_wconf 88' lang='lat' dir='ltr'><strong>de</strong></span> <span class='ocrx_word' id='word_1_136' title='bbox 559 1897 650 1940; x_wconf 89' lang='lat' dir='ltr'><strong>alio</strong></span> <span class='ocrx_word' id='word_1_137' title='bbox 683 1896 779 1938; x_wconf 94' lang='lat' dir='ltr'><strong>ullo</strong></span> <span class='ocrx_word' id='word_1_138' title='bbox 808 1896 1006 1938; x_wconf 87' lang='lat' dir='ltr'><strong>classico</strong></span> <span class='ocrx_word' id='word_1_139' title='bbox 1039 1894 1278 1937; x_wconf 89' lang='lat' dir='ltr'><strong>dicendum</strong></span> <span class='ocrx_word' id='word_1_140' title='bbox 1316 1894 1393 1945; x_wconf 88' lang='lat' dir='ltr'><strong>sit,</strong></span> <span class='ocrx_word' id='word_1_141' title='bbox 1425 1893 1482 1936; x_wconf 90' lang='lat' dir='ltr'><strong>de</strong></span> <span class='ocrx_word' id='word_1_142' title='bbox 1521 1895 1672 1936; x_wconf 88' lang='lat' dir='ltr'><strong>nostro</strong></span> <span class='ocrx_word' id='word_1_143' title='bbox 1703 1892 1828 1936; x_wconf 90' lang='lat' dir='ltr'><strong>dica-</strong></span> 
     </span>
     <span class='ocr_line' id='line_1_22' title="bbox 352 1962 1828 2021; baseline -0.003 -11"><span class='ocrx_word' id='word_1_144' title='bbox 352 1972 436 2011; x_wconf 86' lang='lat' dir='ltr'><strong>tur.</strong></span> <span class='ocrx_word' id='word_1_145' title='bbox 497 1965 733 2009; x_wconf 89' lang='lat' dir='ltr'><strong>Bentleius</strong></span> <span class='ocrx_word' id='word_1_146' title='bbox 764 1963 1149 2021; x_wconf 84' lang='lat' dir='ltr'><strong>(Phileleutherus</strong></span> <span class='ocrx_word' id='word_1_147' title='bbox 1186 1962 1461 2018; x_wconf 87' lang='lat' dir='ltr'><strong>Lipsiensis,</strong></span> <span class='ocrx_word' id='word_1_148' title='bbox 1501 1975 1547 2017; x_wconf 89' lang='lat' dir='ltr'><strong>p.</strong></span> <span class='ocrx_word' id='word_1_149' title='bbox 1585 1962 1684 2018; x_wconf 82' lang='lat'><strong>65.)</strong></span> <span class='ocrx_word' id='word_1_150' title='bbox 1711 1974 1828 2017; x_wconf 81' lang='lat' dir='ltr'><strong>prae-</strong></span> 
     </span>
     <span class='ocr_line' id='line_1_23' title="bbox 354 2029 1833 2088; baseline -0.005 -9"><span class='ocrx_word' id='word_1_151' title='bbox 354 2035 540 2086; x_wconf 89' lang='lat' dir='ltr'><strong>dicavit,</strong></span> <span class='ocrx_word' id='word_1_152' title='bbox 573 2033 716 2076; x_wconf 89' lang='lat' dir='ltr'><strong>libros</strong></span> <span class='ocrx_word' id='word_1_153' title='bbox 736 2033 851 2088; x_wconf 88' lang='lat' dir='ltr'><strong>ejus,</strong></span> <span class='ocrx_word' id='word_1_154' title='bbox 874 2035 980 2087; x_wconf 90' lang='lat' dir='ltr'><strong>post</strong></span> <span class='ocrx_word' id='word_1_155' title='bbox 998 2032 1174 2073; x_wconf 90' lang='lat' dir='ltr'><strong>labores</strong></span> <span class='ocrx_word' id='word_1_156' title='bbox 1196 2029 1561 2073; x_wconf 88' lang='lat' dir='ltr'><strong>doctissimorum</strong></span> <span class='ocrx_word' id='word_1_157' title='bbox 1591 2035 1640 2072; x_wconf 85' lang='lat' dir='ltr'><strong>et</strong></span> <span class='ocrx_word' id='word_1_158' title='bbox 1669 2030 1833 2073; x_wconf 83' lang='lat' dir='ltr'><strong>acutis·</strong></span> 
     </span>
     <span class='ocr_line' id='line_1_24' title="bbox 355 2099 1832 2155; baseline -0.003 -8"><span class='ocrx_word' id='word_1_159' title='bbox 355 2105 572 2148; x_wconf 86' lang='lat' dir='ltr'><strong>simorum</strong></span> <span class='ocrx_word' id='word_1_160' title='bbox 609 2101 862 2144; x_wconf 85' lang='lat' dir='ltr'><strong>criticorum</strong></span> <span class='ocrx_word' id='word_1_161' title='bbox 883 2113 965 2155; x_wconf 86' lang='lat' dir='ltr'><strong>per</strong></span> <span class='ocrx_word' id='word_1_162' title='bbox 1002 2099 1093 2141; x_wconf 89' lang='lat' dir='ltr'><strong>duo</strong></span> <span class='ocrx_word' id='word_1_163' title='bbox 1117 2099 1304 2150; x_wconf 76' lang='lat' dir='ltr'><strong>saecula,</strong></span> <span class='ocrx_word' id='word_1_164' title='bbox 1338 2111 1457 2150; x_wconf 89' lang='lat' dir='ltr'><strong>esse,</strong></span> <span class='ocrx_word' id='word_1_165' title='bbox 1487 2111 1832 2154; x_wconf 86' lang='lat' dir='ltr'><strong>mansurosque‚</strong></span> 
     </span>
     <span class='ocr_line' id='line_1_25' title="bbox 354 2164 1833 2219; baseline -0.003 -4"><span class='ocrx_word' id='word_1_166' title='bbox 354 2184 523 2216; x_wconf 87' lang='lat' dir='ltr'><strong>merum</strong></span> <span class='ocrx_word' id='word_1_167' title='bbox 560 2183 756 2212; x_wconf 87' lang='lat' dir='ltr'><strong>errorum</strong></span> <span class='ocrx_word' id='word_1_168' title='bbox 791 2167 1034 2211; x_wconf 89' lang='lat' dir='ltr'><strong>cumulum.</strong></span> <span class='ocrx_word' id='word_1_169' title='bbox 1095 2168 1242 2210; x_wconf 90' lang='lat' dir='ltr'><strong>Immo</strong></span> <span class='ocrx_word' id='word_1_170' title='bbox 1285 2164 1558 2209; x_wconf 85' lang='lat' dir='ltr'><strong>Franciscus</strong></span> <span class='ocrx_word' id='word_1_171' title='bbox 1576 2165 1833 2219; x_wconf 71' lang='grc' dir='ltr'><strong>ίΑειιΙειῐιιιε,</strong></span> 
     </span>
     <span class='ocr_line' id='line_1_26' title="bbox 354 2230 1836 2290; baseline -0.004 -6"><span class='ocrx_word' id='word_1_172' title='bbox 354 2244 400 2285; x_wconf 90' lang='lat' dir='ltr'><strong>in</strong></span> <span class='ocrx_word' id='word_1_173' title='bbox 446 2238 725 2283; x_wconf 82' lang='lat' dir='ltr'><strong>Praefatione</strong></span> <span class='ocrx_word' id='word_1_174' title='bbox 777 2236 836 2280; x_wconf 86' lang='lat' dir='ltr'><strong>ad</strong></span> <span class='ocrx_word' id='word_1_175' title='bbox 868 2234 989 2280; x_wconf 87' lang='lat' dir='ltr'><strong>Livii</strong></span> <span class='ocrx_word' id='word_1_176' title='bbox 1033 2233 1296 2288; x_wconf 85' lang='lat' dir='ltr'><strong>editionem,</strong></span> <span class='ocrx_word' id='word_1_177' title='bbox 1331 2236 1546 2290; x_wconf 86' lang='lat' dir='ltr'><strong>(impress.</strong></span> <span class='ocrx_word' id='word_1_178' title='bbox 1586 2230 1750 2279; x_wconf 85' lang='lat' dir='ltr'><strong>Venet.</strong></span> <span class='ocrx_word' id='word_1_179' title='bbox 1787 2237 1836 2278; x_wconf 88' lang='lat' dir='ltr'><strong>in</strong></span> 
     </span>
     <span class='ocr_line' id='line_1_27' title="bbox 359 2303 1836 2360; baseline -0.003 -8"><span class='ocrx_word' id='word_1_180' title='bbox 359 2309 514 2354; x_wconf 88' lang='lat' dir='ltr'><strong>AEdib.</strong></span> <span class='ocrx_word' id='word_1_181' title='bbox 538 2306 641 2350; x_wconf 88' lang='lat' dir='ltr'><strong>Ald.</strong></span> <span class='ocrx_word' id='word_1_182' title='bbox 661 2305 816 2359; x_wconf 75' lang='lat'><strong>1518.)</strong></span> <span class='ocrx_word' id='word_1_183' title='bbox 846 2318 986 2348; x_wconf 85' lang='lat' dir='ltr'><strong>ausus</strong></span> <span class='ocrx_word' id='word_1_184' title='bbox 1018 2310 1090 2347; x_wconf 88' lang='lat' dir='ltr'><strong>est</strong></span> <span class='ocrx_word' id='word_1_185' title='bbox 1123 2303 1333 2360; x_wconf 86' lang='lat' dir='ltr'><strong>proferre,</strong></span> <span class='ocrx_word' id='word_1_186' title='bbox 1365 2303 1475 2346; x_wconf 91' lang='lat' dir='ltr'><strong>nihil</strong></span> <span class='ocrx_word' id='word_1_187' title='bbox 1506 2303 1597 2346; x_wconf 86' lang='lat' dir='ltr'><strong>fere</strong></span> <span class='ocrx_word' id='word_1_188' title='bbox 1625 2304 1836 2347; x_wconf 86' lang='lat' dir='ltr'><strong>Latinum</strong></span> 
     </span>
     <span class='ocr_line' id='line_1_28' title="bbox 357 2371 1838 2434; baseline -0.003 -12"><span class='ocrx_word' id='word_1_189' title='bbox 357 2381 444 2434; x_wconf 87' lang='lat' dir='ltr'><strong>legi</strong></span> <span class='ocrx_word' id='word_1_190' title='bbox 463 2378 512 2420; x_wconf 93' lang='lat' dir='ltr'><strong>in</strong></span> <span class='ocrx_word' id='word_1_191' title='bbox 542 2376 642 2418; x_wconf 90' lang='lat' dir='ltr'><strong>istis</strong></span> <span class='ocrx_word' id='word_1_192' title='bbox 671 2375 813 2427; x_wconf 84' lang='lat' dir='ltr'><strong>libris,</strong></span> <span class='ocrx_word' id='word_1_193' title='bbox 842 2378 888 2417; x_wconf 88' lang='lat' dir='ltr'><strong>et</strong></span> <span class='ocrx_word' id='word_1_194' title='bbox 918 2386 1019 2416; x_wconf 87' lang='lat' dir='ltr'><strong>esse</strong></span> <span class='ocrx_word' id='word_1_195' title='bbox 1052 2373 1231 2415; x_wconf 90' lang='lat' dir='ltr'><strong>omnino</strong></span> <span class='ocrx_word' id='word_1_196' title='bbox 1272 2371 1604 2428; x_wconf 87' lang='lat' dir='ltr'><strong>supposititios.</strong></span> <span class='ocrx_word' id='word_1_197' title='bbox 1663 2371 1838 2428; x_wconf 74' lang='lat' dir='ltr'><strong>Adjicit</strong></span> 
     </span>
     <span class='ocr_line' id='line_1_29' title="bbox 359 2438 1838 2497; baseline -0.005 -6"><span class='ocrx_word' id='word_1_198' title='bbox 359 2446 605 2497; x_wconf 82' lang='lat' dir='ltr'><strong>Ernestius,</strong></span> <span class='ocrx_word' id='word_1_199' title='bbox 626 2443 827 2496; x_wconf 91' lang='lat' dir='ltr'><strong>(Fabric.</strong></span> <span class='ocrx_word' id='word_1_200' title='bbox 847 2443 968 2485; x_wconf 89' lang='lat' dir='ltr'><strong>Bibl.</strong></span> <span class='ocrx_word' id='word_1_201' title='bbox 989 2441 1042 2484; x_wconf 84' lang='lat' dir='ltr'><strong>L.</strong></span> <span class='ocrx_word' id='word_1_202' title='bbox 1065 2441 1156 2484; x_wconf 86' lang='lat' dir='ltr'><strong>vol.</strong></span> <span class='ocrx_word' id='word_1_203' title='bbox 1180 2452 1235 2484; x_wconf 90' lang='lat'><strong>11.</strong></span> <span class='ocrx_word' id='word_1_204' title='bbox 1257 2455 1303 2496; x_wconf 88' lang='lat' dir='ltr'><strong>p.</strong></span> <span class='ocrx_word' id='word_1_205' title='bbox 1323 2438 1421 2496; x_wconf 83' lang='lat'><strong>23.)</strong></span> <span class='ocrx_word' id='word_1_206' title='bbox 1450 2443 1464 2462; x_wconf 88' lang='lat'>‘</span> <span class='ocrx_word' id='word_1_207' title='bbox 1481 2440 1570 2482; x_wconf 90' lang='lat' dir='ltr'><strong>Sed</strong></span> <span class='ocrx_word' id='word_1_208' title='bbox 1591 2453 1648 2483; x_wconf 88' lang='lat' dir='ltr'><strong>ea</strong></span> <span class='ocrx_word' id='word_1_209' title='bbox 1666 2441 1838 2485; x_wconf 78' lang='lat' dir='ltr'><strong>invidia</strong></span> 
     </span>
     <span class='ocr_line' id='line_1_30' title="bbox 358 2506 1838 2567; baseline -0.005 -7"><span class='ocrx_word' id='word_1_210' title='bbox 358 2518 461 2567; x_wconf 82' lang='lat' dir='ltr'><strong>fuit,</strong></span> <span class='ocrx_word' id='word_1_211' title='bbox 492 2518 537 2557; x_wconf 90' lang='lat' dir='ltr'><strong>et</strong></span> <span class='ocrx_word' id='word_1_212' title='bbox 565 2516 689 2555; x_wconf 86' lang='lat' dir='ltr'><strong>recte</strong></span> <span class='ocrx_word' id='word_1_213' title='bbox 723 2510 966 2567; x_wconf 85' lang='lat' dir='ltr'><strong>Gyraldus,</strong></span> <span class='ocrx_word' id='word_1_214' title='bbox 998 2510 1179 2565; x_wconf 87' lang='lat' dir='ltr'><strong>dialogo</strong></span> <span class='ocrx_word' id='word_1_215' title='bbox 1202 2520 1256 2551; x_wconf 90' lang='lat'><strong>11.</strong></span> <span class='ocrx_word' id='word_1_216' title='bbox 1278 2509 1334 2551; x_wconf 90' lang='lat' dir='ltr'><strong>de</strong></span> <span class='ocrx_word' id='word_1_217' title='bbox 1355 2506 1512 2550; x_wconf 63' lang='lat' dir='ltr'><strong>Poctis</strong></span> <span class='ocrx_word' id='word_1_218' title='bbox 1530 2521 1575 2563; x_wconf 92' lang='lat' dir='ltr'><strong>p.</strong></span> <span class='ocrx_word' id='word_1_219' title='bbox 1593 2507 1666 2551; x_wconf 81' lang='lat'><strong>98.</strong></span> <span class='ocrx_word' id='word_1_220' title='bbox 1697 2511 1712 2530; x_wconf 88' lang='lat'><em>‘</em></span> <span class='ocrx_word' id='word_1_221' title='bbox 1731 2508 1838 2552; x_wconf 80' lang='lat' dir='ltr'><strong>Vel-</strong></span> 
     </span>
     <span class='ocr_line' id='line_1_31' title="bbox 357 2576 1837 2631; baseline -0.006 -2"><span class='ocrx_word' id='word_1_222' title='bbox 357 2586 473 2629; x_wconf 90' lang='lat' dir='ltr'><strong>leius</strong></span> <span class='ocrx_word' id='word_1_223' title='bbox 507 2595 599 2625; x_wconf 90' lang='lat' dir='ltr'><strong>non</strong></span> <span class='ocrx_word' id='word_1_224' title='bbox 634 2579 914 2623; x_wconf 85' lang='lat' dir='ltr'><strong>damnandus</strong></span> <span class='ocrx_word' id='word_1_225' title='bbox 947 2578 1226 2630; x_wconf 87' lang='lat' dir='ltr'><strong>Historicus‚</strong></span> <span class='ocrx_word' id='word_1_226' title='bbox 1257 2576 1435 2619; x_wconf 88' lang='lat' dir='ltr'><strong>tametsi</strong></span> <span class='ocrx_word' id='word_1_227' title='bbox 1456 2576 1641 2631; x_wconf 83' lang='lat' dir='ltr'><strong>quidam</strong></span> <span class='ocrx_word' id='word_1_228' title='bbox 1667 2576 1837 2623; x_wconf 83' lang='lat' dir='ltr'><strong>insulse</strong></span> 
     </span>
     <span class='ocr_line' id='line_1_32' title="bbox 358 2644 1839 2702; baseline -0.005 -6"><span class='ocrx_word' id='word_1_229' title='bbox 358 2653 532 2697; x_wconf 89' lang='lat' dir='ltr'><strong>nullum</strong></span> <span class='ocrx_word' id='word_1_230' title='bbox 550 2650 689 2693; x_wconf 86' lang='lat' dir='ltr'><strong>fuisse</strong></span> <span class='ocrx_word' id='word_1_231' title='bbox 705 2647 933 2691; x_wconf 86' lang='lat' dir='ltr'><strong>Velleium</strong></span> <span class='ocrx_word' id='word_1_232' title='bbox 952 2644 1268 2702; x_wconf 78' lang='lat' dir='ltr'><strong>suspicantur-⁹</strong></span> <span class='ocrx_word' id='word_1_233' title='bbox 1280 2645 1292 2662; x_wconf 90' lang='lat'>&#39;</span> <span class='ocrx_word' id='word_1_234' title='bbox 1353 2645 1425 2688; x_wconf 86' lang='lat' dir='ltr'><strong>De</strong></span> <span class='ocrx_word' id='word_1_235' title='bbox 1444 2644 1515 2686; x_wconf 91' lang='lat' dir='ltr'><strong>his</strong></span> <span class='ocrx_word' id='word_1_236' title='bbox 1529 2657 1650 2696; x_wconf 84' lang='lat' dir='ltr'><strong>vero,</strong></span> <span class='ocrx_word' id='word_1_237' title='bbox 1671 2649 1719 2688; x_wconf 84' lang='lat' dir='ltr'><strong>et</strong></span> <span class='ocrx_word' id='word_1_238' title='bbox 1736 2645 1839 2688; x_wconf 80' lang='lat' dir='ltr'><strong>aliis</strong></span> 
     </span>
    </p>
   </div>
   <div class='ocr_carea' id='block_1_8' title="bbox 356 2713 1837 2848">
    <p class='ocr_par' dir='ltr' id='par_1_8' title="bbox 356 2713 1837 2848">
     <span class='ocr_line' id='line_1_33' title="bbox 361 2713 1837 2774; baseline -0.005 -10"><span class='ocrx_word' id='word_1_239' title='bbox 361 2722 496 2764; x_wconf 89' lang='lat' dir='ltr'><strong>rebus</strong></span> <span class='ocrx_word' id='word_1_240' title='bbox 517 2732 622 2774; x_wconf 85' lang='lat' dir='ltr'><strong>quae</strong></span> <span class='ocrx_word' id='word_1_241' title='bbox 643 2717 702 2761; x_wconf 88' lang='lat' dir='ltr'><strong>ad</strong></span> <span class='ocrx_word' id='word_1_242' title='bbox 722 2716 946 2762; x_wconf 88' lang='lat' dir='ltr'><strong>Velleium</strong></span> <span class='ocrx_word' id='word_1_243' title='bbox 966 2716 1198 2773; x_wconf 83' lang='lat' dir='ltr'><strong>pertinent,</strong></span> <span class='ocrx_word' id='word_1_244' title='bbox 1229 2728 1312 2770; x_wconf 87' lang='lat' dir='ltr'><strong>pro</strong></span> <span class='ocrx_word' id='word_1_245' title='bbox 1331 2727 1417 2757; x_wconf 90' lang='lat' dir='ltr'><strong>suo</strong></span> <span class='ocrx_word' id='word_1_246' title='bbox 1446 2714 1638 2769; x_wconf 85' lang='lat' dir='ltr'><strong>quisque</strong></span> <span class='ocrx_word' id='word_1_247' title='bbox 1657 2713 1837 2768; x_wconf 83' lang='lat' dir='ltr'><strong>ingenio</strong></span> 
     </span>
     <span class='ocr_line' id='line_1_34' title="bbox 356 2787 600 2848; baseline -0.008 -16"><span class='ocrx_word' id='word_1_248' title='bbox 356 2787 600 2848; x_wconf 86' lang='lat' dir='ltr'><strong>judicabit.</strong></span> 
     </span>
    </p>
   </div>
   <div class='ocr_carea' id='block_1_9' title="bbox 1918 0 2008 3210">
    <p class='ocr_par' dir='ltr' id='par_1_9' title="bbox 1918 0 2008 3210">
     <span class='ocr_line' id='line_1_35' title="bbox 1918 0 2008 3210; baseline 0 0"><span class='ocrx_word' id='word_1_249' title='bbox 1918 0 2008 3210; x_wconf 95' lang='lat' dir='ltr'><strong> </strong></span> 
     </span>
    </p>
   </div>
  </div>
 </body>
</html>
