2008 3210
350 243 487 274 xxxi!
691 239 854 271 lNDEx
891 240 1072 272 RERUM

353 343 515 380 vibimus,
530 340 694 380 centurio-,⁴
715 342 756 374 ob
786 342 891 385 fugam
921 352 960 375 ex
989 343 1070 382 acie,

397 387 473 419 fusti
486 395 650 428 percussus
670 385 706 423 ii,
722 388 766 418 78

350 430 464 462 Vibius
481 428 555 472 (C.)
575 429 759 467 Postumus,
778 428 961 467 consularis,
987 428 1071 461 Del-

394 473 500 504 matiae
527 473 727 515 praepositus,
752 477 935 504 ornamenta
961 472 1070 504 trium-

394 516 503 559 phalia.
517 516 629 548 meruit
649 516 685 554 ii,
700 519 765 549 116
787 515 881 559 (cos.
891 515 934 548 U.
948 526 977 548 c.
987 515 1070 558 759)

352 559 496 592 Victoria
522 559 561 592 C.
588 559 685 593 Marii
711 559 929 592 crudelissima
965 559 999 597 ii,
1026 562 1070 592 22

395 603 494 646 Syllae
508 603 619 635 eadem
643 602 678 641 ii,
694 605 748 636 22.
776 605 830 636 25.
841 605 886 635 28
900 602 921 635 J
923 602 979 634 ulii
997 602 1069 635 Cae-

394 647 470 679 saris
492 647 631 679 clemens
647 651 720 688 post
741 646 841 678 aciem
857 646 1069 679 Pharsalicam

395 690 431 728 ii,
454 693 498 724 52
530 689 563 722 in
590 689 699 723 Africa
721 689 755 728 ii,
783 693 825 724 55
859 689 997 732 Augusti
1033 689 1068 727 ii,

349 776 578 809 Viennensium
600 776 714 808 seditio
735 776 770 815 ii,
787 779 851 810 121

348 819 511 853 Vindelici
525 820 581 864 (ab
595 819 772 852 Occidente
783 819 863 851 AEni
876 817 928 862 fl.)
942 818 1068 851 aTibe-

393 864 439 896 rio
454 869 488 897 et
497 863 604 895 Druso
617 862 691 896 victi
713 862 747 900 ii,
762 866 804 895 95

350 906 509 946 Vinicius,
519 907 582 946 M..
590 906 700 938 consul
711 905 772 949 (U.
779 916 814 946 c.
824 903 921 948 735),
932 905 990 936 sub
1003 916 1067 948 quo

395 951 581 984 inchoatum
615 949 739 982 bellum¹
772 949 994 982 Pannonicum
1027 950 1068 981 ab

391 994 537 1038 Agrippa
557 993 592 1032 ii,
621 996 665 1026 96
701 992 819 1025 bellum
846 991 1069 1024 Germanicum

393 1043 516 1081 gestum
527 1037 568 1068 ab
579 1048 618 1069 eo
639 1036 674 1074 ii,
685 1039 749 1069 104
771 1037 812 1068 ob
824 1035 858 1067 id
869 1035 1069 1078 triumphalia

392 1085 577 1115 ornamenta
610 1090 683 1113 cum
710 1079 916 1122 inscriptione
952 1079 1067 1111 meruit

413 1125 494 1157 Haec
519 1128 594 1156 sunt
617 1124 668 1155 vel
693 1133 783 1156 arcus
811 1122 1011 1164 triumphalis
1034 1123 1068 1154 in

439 1168 531 1211 pibus
540 1166 662 1210 positus
675 1177 748 1199 cum
758 1165 974 1208 inscriptione,
985 1165 1067 1209 (Dio

394 1211 451 1243 liii.
478 1210 519 1251 6)
544 1211 596 1243 vel
626 1215 729 1242 statua
769 1209 966 1252 triumphalis
994 1220 1066 1243 cum

393 1254 488 1286 titulo
501 1255 535 1286 in
549 1254 630 1286 Foro
643 1252 799 1297 Augusti)
813 1253 893 1285 ibid.

350 1298 506 1339 Vinicius,
522 1298 561 1332 P.
575 1298 728 1342 (praeced.
755 1296 816 1342 fil.)
845 1307 910 1340 quo
936 1296 1066 1332 consule

1108 239 1528 274 MEMORABIMUM.

1165 341 1228 384 (U.
1242 353 1272 375 c.
1298 342 1383 387 ⁷55)
1404 342 1546 376 Tiberius
1570 342 1687 376 Rhodo
1701 354 1840 386 reversus

1174 387 1276 424 imos

1122 429 1267 463 Vinicius
1293 429 1362 473 (M.
1390 430 1526 473 praeced.
1555 430 1618 472 fil.)
1639 430 1750 463 consul
1771 430 1831 474 (U.

1165 472 1303 516 c.⁷83)‚
1326 473 1366 504 ad
1381 483 1476 516 quem
1502 473 1643 506 Velleius
1672 474 1833 506 historiam

1164 527 1252 548 suam
1266 517 1452 559 conscripsit
1473 516 1497 555 i,
1512 519 1565 550 ls-
1587 517 1623 555 ii,
1641 520 1704 550 us
1736 527 1838 553 annos

1162 570 1264 591 rerum
1291 564 1445 603 gestarum
1469 570 1507 592 ex
1523 559 1593 602 ejus
1607 560 1774 593 consulatu
1789 571 1839 593 re-

1164 608 1214 636 tro
1230 608 1373 635 numerat
1403 603 1427 641 i,
1443 605 1475 636 6.
1487 606 1519 636 7.
1536 606 1568 636 8.
1584 606 1637 636 12.
1650 606 1704 636 14.
1720 607 1773 637 15.
1802 605 1838 643 ii,

1164 649 1196 678 2.
1209 649 1243 679 4.
1258 649 1290 679 7.
1306 649 1360 678 10.
1377 649 1429 679 12.
1446 649 1503 680 16.
1516 649 1572 679 21.
1580 649 1635 680 27.
1649 650 1704 681 29.
1718 650 1774 681 38.
1782 650 1837 681 ⁴9.

1162 692 1217 723 65.
1229 692 1283 722 90.
1300 692 1374 722 100.
1391 691 1465 722 108.
1482 691 1546 722 128

1120 731 1285 784 Virgilius,
1300 732 1447 775 princeps
1462 731 1634 764 carminum
1655 732 1691 772 ii,
1705 736 1750 767 36

1121 775 1299 814 Vinathus,
1331 774 1536 818 (Lusitanus)
1566 775 1727 808 latronum
1758 777 1836 815 dux,

1161 818 1424 852 contumeliosum
1435 818 1589 850 Romanis
1603 818 1710 851 intulit
1718 820 1836 852 bellum

1162 862 1196 900 ii,
1213 866 1244 896 1.
1256 865 1300 896 9⁰
1322 862 1432 894 fraude
1439 861 1560 894 Servilii
1575 862 1757 894 interemtus
1771 863 1805 901 ii,
1817 866 1836 896 1

1119 905 1274 949 Visurgis,
1299 905 1411 944 amnis,
1437 916 1458 937 a
1479 905 1608 937 Tiberio
1632 906 1780 938 transitus
1800 906 1836 944 ii,

1119 992 1267 1025 Uxorum.
1274 992 1353 1024 fides
1362 992 1397 1025 in
1412 992 1537 1024 maritos
1549 991 1740 1035 proscriptos
1750 1002 1834 1024 sum-

1162 1047 1214 1068 ma
1234 1035 1270 1075 ii,
1284 1038 1328 1069 6⁷

1452 1121 1495 1154 Χ.

1116 1210 1235 1242 Xerxes
1258 1213 1384 1252 togatus
1399 1208 1436 1240 L.
1453 1208 1604 1240 Lucullus
1632 1218 1653 1238 a
1678 1206 1833 1250 Pompeio

1160 1264 1274 1296 magno
1290 1253 1457 1286 dictusest
1469 1252 1505 1291 ii,
1511 1254 1552 1284 38
1563 1251 1699 1294 (Xerxes
1708 1250 1837 1292 Athon.

1160 1297 1362 1331 Macedoniae
1378 1301 1532 1334 montem,
1549 1293 1745 1339 perfoderat)
