2008 3210
295 238 396 287 aaz·

295 351 392 385 vlsus
405 349 483 383 eam
496 346 625 381 habere
640 347 676 380 in
697 345 872 389 mancipio
888 350 926 379 et
951 355 1012 387 po-

296 404 438 436 testate.
482 399 566 442 Ipse
579 397 746 440 gloriatur
757 397 850 439 apud
861 396 1013 439 poetam,

299 462 403 497 quem
433 460 592 484 sensuum
618 453 655 482 et
681 449 820 481 honesti
845 447 1012 480 acuminis

299 514 423 539 caussa
452 512 549 535 amo:
587 501 598 519 ‘
615 511 718 544 quem
744 499 889 532 numina
915 507 1011 531 num-

297 565 402 599 quam
426 554 642 591 Destituunt‚
670 551 713 583 de
739 560 808 593 quo
821 550 914 582 male
929 553 1012 582 tunc

298 608 458 640 Fortuna
473 609 626 637 meretur
649 603 736 635 Cum
763 606 842 644 post
857 605 939 634 vota
954 610 1011 634 ve-

297 657 374 692 nit!
403 657 541 699 Lipsius.
594 654 694 687 Varia
725 654 910 694 Fortunam,
939 652 1010 694 ξι]

299 707 578 750 Ingeniosissima
603 709 659 737 est
683 704 881 738 emendatio
901 703 1012 746 Lipsi-

299 758 371 800 ine,
387 767 429 790 au
444 755 618 789 Acidalii:
642 755 694 787 lbi
712 756 814 796 primo
829 755 920 787 varia
938 754 1012 794 sor·

301 813 392 850 tuna,
407 818 482 841 mox
501 806 661 849 pugnavit
680 817 758 845 sua3
781 810 819 839 et
834 807 862 838 si
878 806 1012 838 nonita

299 859 442 902 scripsit
457 862 590 899 auctor,
601 858 754 891 scribere
766 858 898 891 debuit.
910 858 1012 890 Grut.

303 910 406 945 Varia
420 909 609 950 Fortunam]
633 909 802 951 Emenda,
818 914 857 942 ut
880 909 1013 951 superi-

300 971 352 995 us.
394 959 490 994 ’ἰδίαν
507 959 612 1001 τύχην
635 960 721 993 alias
749 960 854 992 etiam
883 959 1014 992 Caesari

302 1012 464 1046 attribuit
478 1013 644 1045 Velleius.
690 1011 766 1044 Imo
779 1015 816 1044 et
831 1012 1011 1044 Lucanus:

301 1068 343 1097 nt
357 1063 418 1098 lib.
433 1073 472 1097 v.
495 1063 506 1082 ‘
519 1064 660 1096 Pariter
675 1067 729 1096 tot
754 1073 872 1105 regna,
892 1067 946 1096 tot
958 1073 1014 1096 ur-

300 1116 376 1157 bes,
391 1117 649 1159 Fortunamque
666 1125 762 1149 suam
777 1119 875 1148 tacta
888 1116 1015 1148 tellure

301 1166 461 1209 recepit.’
483 1167 621 1199 Vossius.
665 1167 804 1208 [Lectio
814 1171 929 1200 tamen
946 1168 1016 1200 vul-

300 1219 395 1261 garis
410 1218 552 1251 tolerari
566 1218 713 1260 potest]

348 1270 578 1312 Hispaniense]
606 1270 691 1303 Vide
706 1270 860 1304 Hirtium
871 1270 915 1303 de
932 1269 1015 1303 bell.

304 1320 457 1363 Hispan.
481 1325 699 1364 ceterosque,
726 1331 840 1364 neque
857 1321 948 1353 enim
964 1325 1014 1354 to·

304 1373 372 1405 ties
394 1377 594 1415 repetemus
618 1372 703 1405 satis
724 1376 808 1405 nota
828 1372 938 1405 cuivis
957 1381 1016 1404 no-

306 1423 410 1457 mina.
431 1424 613 1457 Boecleme.

355 1475 468 1508 Victus
491 1474 530 1507 ab
545 1484 579 1507 eo
594 1474 792 1516 Pharnaces]
817 1474 909 1508 Quia
926 1473 1019 1506 hunc

304 1525 455 1560 ‘1Caesar
480 1526 677 1568 adgressus'
698 1525 856 1569 (Florus)
877 1526 888 1544 ‘
901 1535 970 1558 uuo
983 1529 1021 1558 et

304 1586 374 1610 non
389 1581 466 1610 toto
481 1577 600 1619 praelio
616 1576 763 1610 obtrivit
785 1586 880 1610 more
905 1576 1021 1609 fulmi-

305 1628 373 1670 nis,
403 1629 495 1671 quod
525 1638 595 1660 uno
625 1629 816 1671 eodemque
846 1632 1020 1661 momento

306 1680 415 1720 venit,
434 1680 619 1722 percussit,
639 1679 829 1721 abscessit3
853 1690 918 1713 nec
933 1689 1022 1713 vana

305 1731 512 1774 praedicatio
528 1731 571 1763 de
597 1741 635 1764 se
663 1731 824 1773 Caesaris,
854 1737 934 1764 aute
952 1732 1021 1764 vic-

307 1786 382 1815 tum
406 1783 554 1823 hostem,
578 1792 680 1825 quam
707 1783 816 1815 visum
831 1783 852 1815 :’
874 1782 1021 1826 ideoque

306 1833 359 1866 his
376 1834 484 1866 tribus
510 1834 724 1866 solummodo
745 1833 872 1875 verbis,
894 1834 905 1852 ‘
918 1834 1021 1875 Veni,

310 1885 395 1926 vidi,
406 1884 497 1927 vici,’
513 1885 693 1917 victoriam
709 1884 778 1917 suis
788 1884 1019 1926 significasse3

308 1945 496 1978 eorumque
512 1936 548 1968 in
572 1935 746 1978 triumpho
770 1937 862 1968 iuter
883 1946 1020 1978 pompae

309 1985 446 2019 fercula
486 1990 612 2028 postea
649 1987 844 2028 pr-aetulisse
880 1988 1021 2027 titulum

306 2036 396 2080 (non
412 2040 493 2070 acta
507 2037 592 2070 belli
607 2036 792 2069 ostendens
809 2038 900 2070 sicut
915 2042 1022 2070 caete-

308 2088 368 2130 ris,
385 2088 445 2120 sed
463 2088 626 2121 celeriter
650 2087 805 2121 confecti
831 2088 930 2132 nota)
953 2093 1023 2123 tra·

310 2139 398 2172 dunt
413 2139 494 2181 Dio,
504 2139 726 2180 Plutarchus,
741 2139 939 2182 Appianas,
955 2140 1023 2174 alii.

307 2190 443 2223 Seneca
458 2194 572 2223 tamen
597 2194 698 2232 pater
713 2191 852 2224 suasor.
868 2192 891 2224 l.
908 2200 934 2225 1.
949 2191 1024 2223 imi-

309 2241 442 2274 tatione
456 2242 558 2274 'rusci
575 2242 649 2274 haec
667 2242 733 2274 tria
748 2243 932 2284 protulisse
949 2243 1025 2276 Cae·

310 2287 424 2325 sarem
438 2292 622 2335 significat.
644 2293 778 2334 Schegk.

355 2343 547 2385 Adstrinxit]
565 2343 792 2376 Scribendum
804 2354 883 2377 cum
896 2345 1026 2388 Lipsio,

311 2395 523 2428 adstruxerit.

362 2445 505 2487 Vestigio
517 2455 552 2478 se
563 2455 626 2478 non
638 2446 848 2489 recessurum]
880 2447 1026 2480 Scilicet

314 2495 418 2529 rebus
442 2500 514 2529 tam
529 2496 643 2529 dubiis
669 2497 899 2539 periculorum
916 2508 1025 2531 reme-

313 2546 408 2580 dium
421 2552 501 2580 sunt
516 2548 588 2590 ipsa
602 2547 770 2589 pericula,
789 2557 901 2591 neque
917 2554 1026 2582 teme-

317 2598 403 2631 ritas
430 2598 542 2631 videri
569 2599 674 2631 debet
700 2600 898 2632 necessaria
923 2601 1026 2633 auda-

316 2649 390 2689 σίας
413 2650 498 2689 sive,
523 2654 564 2682 ut
591 2649 847 2683 accuratissime
875 2652 1026 2685 omnium

316 2698 462 2733 Tacitus
477 2701 642 2744 loquitur,
656 2699 715 2732 ubi
737 2701 748 2718 ‘
761 2702 962 2743 praesidium
983 2703 1041 2735 ab=

318 2748 462 2782 audacia
484 2750 686 2792 mutuatur,'
710 2761 812 2794 quem
837 2753 946 2787 virtus
956 2755 1028 2797 jam

317 2808 387 2832 non
403 2805 519 2841 potest
528 2803 675 2845 eripere.
722 2803 802 2838 Qua
813 2805 858 2837 de
869 2814 908 2838 re
919 2806 1030 2839 multa

316 2850 432 2891 multi,
458 2861 537 2895 quae
565 2862 636 2887 non
666 2855 905 2890 exscribimus.
959 2855 1030 2890 Adi

605 242 752 283 NOTAE
782 247 1054 281 vammum
1087 247 1142 281 m
1173 247 1464 285 PA'rmtoum

1061 345 1213 388 Scipion.
1248 345 1394 380 Amirat.
1420 346 1560 382 dissert.
1593 346 1695 390 polit.
1724 347 1772 382 ad

1061 397 1146 430 Tac.
1162 406 1215 431 rx.
1238 398 1381 432 Boecler.

1105 449 1136 482 A
1151 450 1245 493 duce]
1267 451 1395 493 Aliter,
1413 452 1452 486 C.
1467 462 1488 484 α
1501 453 1591 486 duce.
1635 453 1667 486 A
1681 450 1776 496 dulce]

1063 500 1099 533 Si
1124 501 1294 535 divinatio
1323 503 1438 535 locum
1466 503 1587 545 habet,
1615 503 1779 544 emendo,

1061 555 1197 585 ceterum
1217 563 1238 585 a
1257 555 1346 590 duee.
1369 554 1508 587 Manat.
1552 555 1582 587 A
1606 553 1699 596 duee]
1720 553 1780 588 lta

1061 600 1126 635 fuit
1138 603 1172 635 iu
1182 604 1251 637 Ms.
1275 603 1385 637 Aldus
1395 605 1617 647 emendabat,
1626 609 1784 639 σιτίσαι

1061 655 1182 687 aduce.
1228 655 1332 689 Quod
1357 665 1425 688 non
1449 657 1668 701 displiceret,
1692 657 1722 691 si
1739 657 1776 691 in

1062 706 1151 738 Mss.
1187 707 1225 740 C.
1251 707 1380 740 soleret
1409 717 1473 750 pro
1500 710 1649 741 caeem
1675 708 1776 752 poni.

1063 757 1183 789 Malim
1199 766 1281 800 ergo
1296 759 1360 791 Sed
1374 770 1394 792 a
1406 761 1496 800 duce,
1508 761 1563 801 ἔμ’.
1586 755 1742 792 Vossius.

1106 809 1295 852 Labienum]
1319 811 1426 853 Cujus
1438 809 1523 842 forti
1534 819 1576 843 ac
1587 808 1683 843 fideli
1694 816 1789 853 ope--

1063 870 1102 893 ra
1117 871 1197 893 usus
1222 861 1338 894 Caesar
1353 863 1388 894 iu
1405 861 1541 895 Galliis.
1587 861 1715 895 Cicero
1729 861 1776 895 nd

1063 912 1248 945 Tironem:
1271 913 1478 946 ‘maximam
1503 917 1620 946 autem
1636 912 1778 956 plagam

1064 964 1222 1006 accepit'
1247 963 1397 1007 (Caesar)
1417 965 1429 983 ‘
1442 964 1534 1007 quod
1550 965 1577 997 is
1604 964 1664 1008 qui
1686 974 1780 998 sum-

1064 1024 1153 1046 mam
1171 1015 1417 1047 auctoritatem
1442 1015 1478 1047 in
1494 1015 1585 1048 illius
1601 1015 1780 1049 exercitus

1065 1064 1228 1108 habebat,
1241 1066 1284 1099 T.
1302 1066 1487 1108 Labienus,
1503 1067 1615 1100 socius
1635 1067 1788 1102 sceleri&

1065 1119 1143 1148 e'sse
1157 1117 1280 1159 noluit,
1293 1117 1434 1159 reliquit
1444 1117 1539 1150 illum
1551 1121 1590 1150 et
1600 1118 1785 1152 nobiscnm

1067 1167 1144 1200 est!
1189 1168 1235 1200 Et
1262 1168 1308 1200 ad
1336 1167 1445 1201 Attic.
1470 1169 1530 1202 lib.
1547 1178 1616 1202 vn.
1636 1169 1782 1204 ‘Labie-

1066 1228 1147 1251 num
1158 1218 1244 1260 ἥρωα
1250 1219 1391 1261 judico:
1415 1218 1549 1252 facinus
1555 1220 1693 1262 jamdiu
1705 1221 1782 1254 nul-

1067 1270 1138 1302 lum
1164 1271 1265 1302 civile
1289 1270 1506 1312 praeclarius,
1533 1271 1606 1314 qui,
1629 1275 1671 1305 ut
1685 1272 1781 1305 aliud

1067 1321 1164 1362 nihil,
1178 1321 1245 1354 hoc
1268 1325 1403 1354 tantum
1418 1321 1588 1364 perfecit:
1614 1322 1712 1356 dedit
1732 1323 1784 1356 illi

1069 1371 1248 1404 dolorem)
1291 1373 1453 1405 caussam
1481 1374 1695 1408 transitionis
1720 1383 1783 1408 ex·

1069 1423 1190 1465 primit
1203 1424 1279 1465 ipse
1295 1424 1421 1456 Caesar.
1445 1423 1584 1466 Schegk.

1114 1475 1204 1508 CAP.
1219 1478 1273 1508 56.
1298 1476 1463 1516 Omnibus,
1477 1479 1531 1519 85⁴⁶.
1547 1477 1687 1520 ignovit]
1721 1477 1783 1511 De

1070 1526 1257 1559 elementia
1271 1536 1332 1559 sua
1345 1527 1550 1569 Caesaripse
1562 1528 1729 1570 gloriatur
1738 1529 1786 1562 E-

1070 1577 1152 1619 pist.
1179 1577 1223 1610 ad
1251 1578 1412 1611 Ciceron.
1442 1579 1576 1611 ‘Recte
1604 1579 1791 1621 augurarie

1071 1628 1116 1661 de
1138 1639 1192 1661 me
1208 1629 1313 1673 (bene
1329 1630 1421 1662 enim
1436 1629 1501 1663 tibi
1521 1630 1683 1672 cognitus
1692 1628 1787 1674 sum)

1070 1680 1156 1713 nihil
1173 1690 1194 1712 a
1208 1691 1264 1714 me
1281 1681 1401 1714 abesse
1416 1681 1552 1724 longius
1563 1681 1787 1716 crudelitate.

1071 1731 1190 1775 Atque
1215 1743 1281 1775 ego
1308 1742 1386 1765 cum
1412 1743 1456 1765 ex
1479 1733 1557 1775 ipsa
1571 1742 1612 1765 re
1623 1741 1794 1775 magum

1073 1785 1175 1827 capio
1193 1786 1420 1827 voluptatem,
1437 1789 1509 1817 tum
1524 1794 1640 1818 meum
1653 1784 1786 1818 factum

1073 1836 1214 1877 probari
1230 1836 1289 1869 abs
1313 1841 1362 1877 te,
1377 1837 1552 1879 triumpho
1575 1841 1614 1870 et
1627 1836 1776 1879 gaudeo.
1775 1840 1787 1856 ⁹

1072 1886 1127 1918 De
1143 1886 1403 1928 magnificentia
1423 1887 1571 1920 Caesaris
1585 1887 1621 1920 in
1639 1886 1789 1920 muneri-

1071 1938 1135 1970 bus
1173 1938 1279 1970 etiam
1306 1938 1439 1971 mentio
1464 1939 1557 1981 apud
1585 1937 1787 1972 Sallustium

1074 1989 1176 2022 Orat.
1192 1998 1233 2022 11.
1250 1989 1351 2022 Idm.

1118 2040 1342 2084 Naumachia]
1371 2041 1616 2084 Spectaculum
1644 2041 1711 2074 hoc
1737 2040 1789 2074 lu-

1074 2090 1162 2124 dicri
1170 2091 1381 2131 certaminis,
1393 2092 1523 2134 euripis
1532 2090 1665 2125 effossis
1676 2100 1786 2135 sape,

1074 2146 1111 2174 et
1123 2142 1272 2175 admissa
1287 2142 1322 2174 in
1335 2142 1510 2174 theatrum
1526 2152 1628 2184 aqua.
1660 2142 1791 2175 Prodi-1

1074 2193 1229 2235 galitatis
1254 2193 1356 2236 hujus
1382 2193 1486 2226 etiam
1510 2193 1571 2226 alii
1598 2192 1797 2227 meminere

1074 2248 1247 2276 auctores.

1118 2295 1265 2336 Quinque
1275 2294 1341 2336 egit
1350 2293 1542 2336 triumphos]
1558 2293 1728 2336 Loquitur
1741 2293 1788 2327 de

1074 2344 1240 2387 triumphi
1265 2344 1421 2385 ferculis,
1445 2345 1647 2386 simulacris,
1667 2345 1788 2388 imagi-

1073 2395 1176 2428 nibus
1197 2396 1275 2428 aliis
1291 2395 1430 2428 diversa
1445 2395 1616 2428 confectis
1630 2396 1788 2430 materia.

1072 2447 1218 2480 sueton.
1234 2457 1264 2480 c.
1276 2450 1330 2479 3⁷.
1352 2448 1362 2464 ‘
1374 2447 1456 2488 Egit
1467 2447 1604 2479 diverso
1617 2452 1798 2490 quemque¹

1074 2507 1202 2540 genere
1217 2503 1254 2531 et
1278 2498 1471 2540 adparatu?
1516 2498 1574 2530 Ita
1589 2496 1703 2532 doctis
1717 2499 1798 2540 plas-

1073 2549 1194 2582 citum.
1242 2549 1322 2581 Non
1338 2549 1499 2582 dissentit
1528 2549 1610 2591 Dio,
1629 2549 1690 2592 qui
1700 2549 1800 2582 etiae

1073 2600 1119 2633 ad
1135 2600 1401 2642 Hispaniensem
1416 2600 1548 2633 refert:
1570 2601 1581 2619 ⁶
1593 2599 1665 2632 Sed
1681 2599 1797 2633 maio»

1075 2652 1178 2684 etiam
1204 2651 1382 2694 Pedioque
1406 2652 1475 2694 (ait
1499 2651 1561 2683 lib.
1576 2648 1701 2689 xu'rr.)
1719 2650 1794 2683 ‘le-

1075 2704 1166 2747 gatis
1183 2704 1267 2746 suis,
1293 2704 1419 2746 quique
1445 2703 1528 2735 nihil
1547 2703 1696 2745 propriis
1712 2711 1798 2735 atu-

1076 2754 1176 2796 piciis
1193 2750 1385 2796 gesserant,
1398 2753 1634 2796 triumphandi
1649 2752 1801 2796 copiam⁴

1077 2803 1184 2837 fecit:
1209 2813 1276 2847 qua
1291 2804 1326 2836 in
1342 2813 1380 2837 re
1395 2804 1432 2837 id
1446 2804 1553 2836 risum
1567 2803 1712 2836 multum
1726 2811 1798 2836 ex*

1077 2855 1211 2898 citavit,
1225 2855 1317 2899 quod
1340 2855 1382 2888 iis
1406 2855 1609 2899 imaginibus
1623 2853 1800 2888 feteant-'-
