<?xml version="1.0" encoding="UTF-8"?>
<!DOCTYPE html PUBLIC "-//W3C//DTD XHTML 1.0 Transitional//EN"
    "http://www.w3.org/TR/xhtml1/DTD/xhtml1-transitional.dtd">
<html xmlns="http://www.w3.org/1999/xhtml" xml:lang="en" lang="en">
 <head>
  <title>
</title>
<meta http-equiv="Content-Type" content="text/html;charset=utf-8" />
  <meta name='ocr-system' content='tesseract 3.04.00' />
  <meta name='ocr-capabilities' content='ocr_page ocr_carea ocr_par ocr_line ocrx_word'/>
</head>
<body>
  <div class='ocr_page' id='page_1' title='image "./historiaromanaex00velluoft_0486.png"; bbox 0 0 2008 3210; ppageno 0'>
   <div class='ocr_carea' id='block_1_1' title="bbox 346 238 434 283">
    <p class='ocr_par' dir='ltr' id='par_1_1' title="bbox 346 238 434 283">
     <span class='ocr_line' id='line_1_1' title="bbox 346 238 434 283; baseline -0.023 0"><span class='ocrx_word' id='word_1_1' title='bbox 346 238 434 283; x_wconf 82' lang='grc'><strong>474</strong></span> 
     </span>
    </p>
   </div>
   <div class='ocr_carea' id='block_1_2' title="bbox 337 339 1065 2833">
    <p class='ocr_par' dir='ltr' id='par_1_2' title="bbox 337 339 1060 787">
     <span class='ocr_line' id='line_1_2' title="bbox 347 339 1058 385; baseline -0.006 -8"><span class='ocrx_word' id='word_1_2' title='bbox 347 345 391 377; x_wconf 85' lang='lat' dir='ltr'><strong>de</strong></span> <span class='ocrx_word' id='word_1_3' title='bbox 409 343 495 385; x_wconf 83' lang='lat' dir='ltr'><strong>Leg.</strong></span> <span class='ocrx_word' id='word_1_4' title='bbox 511 340 626 381; x_wconf 70' lang='grc' dir='ltr'><strong><em>Μηδεὶς</em></strong></span> <span class='ocrx_word' id='word_1_5' title='bbox 648 340 726 381; x_wconf 78' lang='grc' dir='ltr'><strong>ὑμᾶς</strong></span> <span class='ocrx_word' id='word_1_6' title='bbox 746 339 891 381; x_wconf 69' lang='grc' dir='ltr'><strong>πειθέτω,</strong></span> <span class='ocrx_word' id='word_1_7' title='bbox 912 339 936 373; x_wconf 75' lang='grc' dir='ltr'><strong><em>ὦ</em></strong></span> <span class='ocrx_word' id='word_1_8' title='bbox 957 339 1058 383; x_wconf 81' lang='grc' dir='ltr'><strong>φίλοι,</strong></span> 
     </span>
     <span class='ocr_line' id='line_1_3' title="bbox 346 391 1060 435; baseline 0.001 -10"><span class='ocrx_word' id='word_1_9' title='bbox 346 395 433 434; x_wconf 69' lang='grc' dir='ltr'>ἄλλη</span> <span class='ocrx_word' id='word_1_10' title='bbox 456 394 582 432; x_wconf 77' lang='grc' dir='ltr'><strong><em>θᾶττον,</em></strong></span> <span class='ocrx_word' id='word_1_11' title='bbox 607 392 659 425; x_wconf 76' lang='grc' dir='ltr'><strong>καὶ</strong></span> <span class='ocrx_word' id='word_1_12' title='bbox 684 393 760 435; x_wconf 80' lang='grc' dir='ltr'><strong><em>ῥᾷον</em></strong></span> <span class='ocrx_word' id='word_1_13' title='bbox 781 391 1000 433; x_wconf 73' lang='grc' dir='ltr'>μεταβάλλειν</span> <span class='ocrx_word' id='word_1_14' title='bbox 1020 392 1060 426; x_wconf 71' lang='grc' dir='ltr'><strong>ἄν</strong></span> 
     </span>
     <span class='ocr_line' id='line_1_4' title="bbox 345 443 1060 487; baseline -0.001 -8"><span class='ocrx_word' id='word_1_15' title='bbox 345 458 424 479; x_wconf 80' lang='grc' dir='ltr'>ποτε</span> <span class='ocrx_word' id='word_1_16' title='bbox 447 444 542 477; x_wconf 82' lang='grc' dir='ltr'><strong>πόλιν</strong></span> <span class='ocrx_word' id='word_1_17' title='bbox 565 443 639 477; x_wconf 79' lang='grc' dir='ltr'>τοὺς</span> <span class='ocrx_word' id='word_1_18' title='bbox 659 443 783 487; x_wconf 81' lang='grc' dir='ltr'><strong><em>νόμους,</em></strong></span> <span class='ocrx_word' id='word_1_19' title='bbox 806 444 828 484; x_wconf 72' lang='grc' dir='ltr'>ᾖ</span> <span class='ocrx_word' id='word_1_20' title='bbox 849 446 892 487; x_wconf 74' lang='grc' dir='ltr'><strong>τῇ</strong></span> <span class='ocrx_word' id='word_1_21' title='bbox 914 446 979 477; x_wconf 77' lang='grc' dir='ltr'><strong>τῶν</strong></span> <span class='ocrx_word' id='word_1_22' title='bbox 1007 447 1060 478; x_wconf 76' lang='grc' dir='ltr'><strong>δν·</strong></span> 
     </span>
     <span class='ocr_line' id='line_1_5' title="bbox 346 495 1059 539; baseline -0.001 -9"><span class='ocrx_word' id='word_1_23' title='bbox 346 495 560 530; x_wconf 72' lang='grc' dir='ltr'>ναστευόντων</span> <span class='ocrx_word' id='word_1_24' title='bbox 587 495 749 539; x_wconf 76' lang='grc' dir='ltr'><strong><em>ἡγεμονίᾳ.</em></strong></span> <span class='ocrx_word' id='word_1_25' title='bbox 783 497 911 530; x_wconf 66' lang='lat' dir='ltr'><strong>Manat.</strong></span> <span class='ocrx_word' id='word_1_26' title='bbox 970 497 1059 530; x_wconf 82' lang='lat' dir='ltr'><strong>Nam</strong></span> 
     </span>
     <span class='ocr_line' id='line_1_6' title="bbox 337 547 1060 590; baseline 0.001 -9"><span class='ocrx_word' id='word_1_27' title='bbox 337 549 449 589; x_wconf 79' lang='lat' dir='ltr'><strong>facere</strong></span> <span class='ocrx_word' id='word_1_28' title='bbox 459 552 544 581; x_wconf 82' lang='lat' dir='ltr'><strong>recte</strong></span> <span class='ocrx_word' id='word_1_29' title='bbox 557 548 641 580; x_wconf 74' lang='lat' dir='ltr'><strong>cives</strong></span> <span class='ocrx_word' id='word_1_30' title='bbox 653 557 735 590; x_wconf 78' lang='lat' dir='ltr'><strong>suos,</strong></span> <span class='ocrx_word' id='word_1_31' title='bbox 748 547 820 590; x_wconf 53' lang='grc' dir='ltr'><strong>δῖα]</strong></span> <span class='ocrx_word' id='word_1_32' title='bbox 841 548 1007 582; x_wconf 77' lang='lat' dir='ltr'><strong>Graviter</strong></span> <span class='ocrx_word' id='word_1_33' title='bbox 1022 552 1060 582; x_wconf 90' lang='lat' dir='ltr'><strong>et</strong></span> 
     </span>
     <span class='ocr_line' id='line_1_7' title="bbox 346 599 1059 643; baseline -0.001 -10"><span class='ocrx_word' id='word_1_34' title='bbox 346 599 488 643; x_wconf 85' lang='lat' dir='ltr'>copiose</span> <span class='ocrx_word' id='word_1_35' title='bbox 504 599 672 632; x_wconf 84' lang='lat' dir='ltr'><strong>tractavit</strong></span> <span class='ocrx_word' id='word_1_36' title='bbox 686 600 777 632; x_wconf 88' lang='lat' dir='ltr'><strong>hunc</strong></span> <span class='ocrx_word' id='word_1_37' title='bbox 791 600 904 631; x_wconf 90' lang='lat' dir='ltr'><strong>locum</strong></span> <span class='ocrx_word' id='word_1_38' title='bbox 921 599 1059 642; x_wconf 75' lang='lat' dir='ltr'>Lipsius</span> 
     </span>
     <span class='ocr_line' id='line_1_8' title="bbox 346 649 1059 691; baseline 0 -8"><span class='ocrx_word' id='word_1_39' title='bbox 346 650 453 684; x_wconf 89' lang='lat' dir='ltr'><strong>Polit.</strong></span> <span class='ocrx_word' id='word_1_40' title='bbox 470 660 511 682; x_wconf 87' lang='lat'><strong>11.</strong></span> <span class='ocrx_word' id='word_1_41' title='bbox 535 659 565 683; x_wconf 93' lang='lat' dir='ltr'><strong>c.</strong></span> <span class='ocrx_word' id='word_1_42' title='bbox 581 653 613 683; x_wconf 84' lang='grc'><strong>9.</strong></span> <span class='ocrx_word' id='word_1_43' title='bbox 637 654 722 683; x_wconf 90' lang='lat' dir='ltr'><strong>toto.</strong></span> <span class='ocrx_word' id='word_1_44' title='bbox 745 655 783 683; x_wconf 87' lang='lat' dir='ltr'><strong>et</strong></span> <span class='ocrx_word' id='word_1_45' title='bbox 807 649 915 683; x_wconf 89' lang='lat' dir='ltr'><strong>fusius</strong></span> <span class='ocrx_word' id='word_1_46' title='bbox 941 651 1059 691; x_wconf 85' lang='lat' dir='ltr'><strong>etiam,</strong></span> 
     </span>
     <span class='ocr_line' id='line_1_9' title="bbox 345 702 1059 744; baseline 0.003 -11"><span class='ocrx_word' id='word_1_47' title='bbox 345 702 381 734; x_wconf 91' lang='lat' dir='ltr'><strong>in</strong></span> <span class='ocrx_word' id='word_1_48' title='bbox 407 706 591 744; x_wconf 83' lang='lat' dir='ltr'><strong>utramque</strong></span> <span class='ocrx_word' id='word_1_49' title='bbox 617 706 764 743; x_wconf 85' lang='lat' dir='ltr'><strong>partem,</strong></span> <span class='ocrx_word' id='word_1_50' title='bbox 790 702 918 736; x_wconf 86' lang='lat' dir='ltr'><strong>Petrus</strong></span> <span class='ocrx_word' id='word_1_51' title='bbox 945 702 1059 735; x_wconf 85' lang='lat' dir='ltr'><strong>Faber</strong></span> 
     </span>
     <span class='ocr_line' id='line_1_10' title="bbox 345 753 832 787; baseline 0 -1"><span class='ocrx_word' id='word_1_52' title='bbox 345 753 511 787; x_wconf 84' lang='lat' dir='ltr'><strong>Semestr.</strong></span> <span class='ocrx_word' id='word_1_53' title='bbox 525 761 584 785; x_wconf 89' lang='grc' dir='ltr'><strong>ιιι.</strong></span> <span class='ocrx_word' id='word_1_54' title='bbox 601 755 656 786; x_wconf 77' lang='lat'><strong>20.</strong></span> <span class='ocrx_word' id='word_1_55' title='bbox 688 753 832 786; x_wconf 82' lang='lat' dir='ltr'><strong>Boecler.</strong></span> 
     </span>
    </p>

    <p class='ocr_par' dir='ltr' id='par_1_3' title="bbox 346 803 1065 2833">
     <span class='ocr_line' id='line_1_11' title="bbox 391 803 1058 846; baseline -0.001 -9"><span class='ocrx_word' id='word_1_56' title='bbox 391 804 478 837; x_wconf 74' lang='lat' dir='ltr'><strong>CAP.</strong></span> <span class='ocrx_word' id='word_1_57' title='bbox 497 806 571 836; x_wconf 80' lang='lat'><strong>127.</strong></span> <span class='ocrx_word' id='word_1_58' title='bbox 597 803 685 836; x_wconf 77' lang='lat' dir='ltr'><strong>Raro</strong></span> <span class='ocrx_word' id='word_1_59' title='bbox 706 805 875 837; x_wconf 78' lang='lat' dir='ltr'><strong><em>eminentes</em></strong></span> <span class='ocrx_word' id='word_1_60' title='bbox 891 804 966 846; x_wconf 79' lang='lat' dir='ltr'><strong>viri,</strong></span> <span class='ocrx_word' id='word_1_61' title='bbox 987 803 1058 846; x_wconf 56' lang='lat' dir='ltr'><strong>lym]</strong></span> 
     </span>
     <span class='ocr_line' id='line_1_12' title="bbox 346 853 1060 898; baseline 0 -11"><span class='ocrx_word' id='word_1_62' title='bbox 346 854 522 887; x_wconf 87' lang='lat' dir='ltr'><strong>Eximium</strong></span> <span class='ocrx_word' id='word_1_63' title='bbox 531 853 576 886; x_wconf 90' lang='lat' dir='ltr'><strong>de</strong></span> <span class='ocrx_word' id='word_1_64' title='bbox 585 853 803 896; x_wconf 82' lang='lat' dir='ltr'><strong>adjutoribus</strong></span> <span class='ocrx_word' id='word_1_65' title='bbox 812 855 1014 898; x_wconf 83' lang='lat' dir='ltr'><strong>Principum</strong></span> <span class='ocrx_word' id='word_1_66' title='bbox 1024 860 1060 887; x_wconf 88' lang='lat' dir='ltr'><strong>et</strong></span> 
     </span>
     <span class='ocr_line' id='line_1_13' title="bbox 348 905 1060 949; baseline 0.001 -11"><span class='ocrx_word' id='word_1_67' title='bbox 348 905 467 939; x_wconf 89' lang='lat' dir='ltr'><strong>amicis</strong></span> <span class='ocrx_word' id='word_1_68' title='bbox 486 906 614 948; x_wconf 75' lang='lat' dir='ltr'><strong>locum,</strong></span> <span class='ocrx_word' id='word_1_69' title='bbox 637 906 794 949; x_wconf 79' lang='lat' dir='ltr'>plerique</span> <span class='ocrx_word' id='word_1_70' title='bbox 818 907 854 939; x_wconf 88' lang='lat' dir='ltr'><strong>iu</strong></span> <span class='ocrx_word' id='word_1_71' title='bbox 869 907 935 940; x_wconf 88' lang='lat' dir='ltr'><strong>hoc</strong></span> <span class='ocrx_word' id='word_1_72' title='bbox 959 917 1060 949; x_wconf 86' lang='lat' dir='ltr'><strong>argu-</strong></span> 
     </span>
     <span class='ocr_line' id='line_1_14' title="bbox 346 957 1060 991; baseline 0.001 -1"><span class='ocrx_word' id='word_1_73' title='bbox 346 957 780 991; x_wconf 83' lang='lat' dir='ltr'><strong>mentoPoliticilaudant.</strong></span> <span class='ocrx_word' id='word_1_74' title='bbox 800 959 949 991; x_wconf 82' lang='lat' dir='ltr'>Rursum</span> <span class='ocrx_word' id='word_1_75' title='bbox 962 968 1060 991; x_wconf 84' lang='lat' dir='ltr'><strong>accu-</strong></span> 
     </span>
     <span class='ocr_line' id='line_1_15' title="bbox 347 1009 1059 1052; baseline 0.004 -12"><span class='ocrx_word' id='word_1_76' title='bbox 347 1012 438 1050; x_wconf 89' lang='lat' dir='ltr'><strong>rate,</strong></span> <span class='ocrx_word' id='word_1_77' title='bbox 449 1013 488 1041; x_wconf 90' lang='lat' dir='ltr'><strong>ut</strong></span> <span class='ocrx_word' id='word_1_78' title='bbox 501 1009 602 1050; x_wconf 84' lang='lat' dir='ltr'><strong>solet,</strong></span> <span class='ocrx_word' id='word_1_79' title='bbox 613 1009 656 1041; x_wconf 91' lang='lat' dir='ltr'><strong>de</strong></span> <span class='ocrx_word' id='word_1_80' title='bbox 671 1018 708 1042; x_wconf 87' lang='lat' dir='ltr'><strong>re</strong></span> <span class='ocrx_word' id='word_1_81' title='bbox 721 1014 796 1042; x_wconf 87' lang='lat' dir='ltr'><strong>tota</strong></span> <span class='ocrx_word' id='word_1_82' title='bbox 804 1010 940 1052; x_wconf 78' lang='lat' dir='ltr'><strong>Lipsius</strong></span> <span class='ocrx_word' id='word_1_83' title='bbox 952 1010 1059 1043; x_wconf 89' lang='lat' dir='ltr'><strong>Polit.</strong></span> 
     </span>
     <span class='ocr_line' id='line_1_16' title="bbox 347 1059 1062 1104; baseline 0.003 -12"><span class='ocrx_word' id='word_1_84' title='bbox 347 1069 407 1093; x_wconf 87' lang='grc' dir='ltr'><strong>ιιι.</strong></span> <span class='ocrx_word' id='word_1_85' title='bbox 415 1063 446 1093; x_wconf 84' lang='lat'><strong>2.</strong></span> <span class='ocrx_word' id='word_1_86' title='bbox 454 1063 531 1093; x_wconf 66' lang='lat' dir='ltr'><strong>eta.</strong></span> <span class='ocrx_word' id='word_1_87' title='bbox 551 1061 691 1094; x_wconf 83' lang='lat' dir='ltr'><strong>Scilicet</strong></span> <span class='ocrx_word' id='word_1_88' title='bbox 700 1061 710 1079; x_wconf 91' lang='lat'>‘</span> <span class='ocrx_word' id='word_1_89' title='bbox 720 1061 882 1103; x_wconf 84' lang='lat' dir='ltr'><strong>Optimos</strong></span> <span class='ocrx_word' id='word_1_90' title='bbox 893 1059 1062 1104; x_wconf 83' lang='lat' dir='ltr'><strong>guberna-</strong></span> 
     </span>
     <span class='ocr_line' id='line_1_17' title="bbox 348 1113 1061 1155; baseline 0.003 -11"><span class='ocrx_word' id='word_1_91' title='bbox 348 1116 443 1145; x_wconf 89' lang='lat' dir='ltr'><strong>tores</strong></span> <span class='ocrx_word' id='word_1_92' title='bbox 452 1113 555 1154; x_wconf 86' lang='lat' dir='ltr'><strong>juvat</strong></span> <span class='ocrx_word' id='word_1_93' title='bbox 568 1116 607 1144; x_wconf 90' lang='lat' dir='ltr'><strong>et</strong></span> <span class='ocrx_word' id='word_1_94' title='bbox 621 1113 785 1155; x_wconf 81' lang='lat' dir='ltr'><strong>remigum</strong></span> <span class='ocrx_word' id='word_1_95' title='bbox 800 1114 946 1146; x_wconf 67' lang='lat' dir='ltr'><strong>manus!</strong></span> <span class='ocrx_word' id='word_1_96' title='bbox 980 1114 1061 1146; x_wconf 78' lang='lat' dir='ltr'><strong>Sive</strong></span> 
     </span>
     <span class='ocr_line' id='line_1_18' title="bbox 348 1163 1060 1207; baseline 0.004 -12"><span class='ocrx_word' id='word_1_97' title='bbox 348 1168 389 1196; x_wconf 89' lang='lat' dir='ltr'><strong>ut</strong></span> <span class='ocrx_word' id='word_1_98' title='bbox 405 1163 627 1205; x_wconf 77' lang='lat' dir='ltr'><strong>Symmachus</strong></span> <span class='ocrx_word' id='word_1_99' title='bbox 644 1164 798 1206; x_wconf 83' lang='lat' dir='ltr'><strong>explicat</strong></span> <span class='ocrx_word' id='word_1_100' title='bbox 811 1165 874 1198; x_wconf 87' lang='lat' dir='ltr'><strong>lib.</strong></span> <span class='ocrx_word' id='word_1_101' title='bbox 891 1174 942 1197; x_wconf 77' lang='lat' dir='ltr'><strong>lv·</strong></span> <span class='ocrx_word' id='word_1_102' title='bbox 957 1175 1012 1207; x_wconf 86' lang='lat' dir='ltr'><strong>ep.</strong></span> <span class='ocrx_word' id='word_1_103' title='bbox 1027 1167 1060 1198; x_wconf 86' lang='grc'><strong>7.</strong></span> 
     </span>
     <span class='ocr_line' id='line_1_19' title="bbox 350 1212 1062 1257; baseline 0.004 -13"><span class='ocrx_word' id='word_1_104' title='bbox 350 1212 521 1245; x_wconf 85' lang='lat' dir='ltr'><strong>‘Summis</strong></span> <span class='ocrx_word' id='word_1_105' title='bbox 546 1213 683 1255; x_wconf 85' lang='lat' dir='ltr'><strong>imperii</strong></span> <span class='ocrx_word' id='word_1_106' title='bbox 703 1213 978 1247; x_wconf 81' lang='lat' dir='ltr'><strong>moderatoribus</strong></span> <span class='ocrx_word' id='word_1_107' title='bbox 1003 1215 1062 1257; x_wconf 87' lang='lat' dir='ltr'><strong>pia</strong></span> 
     </span>
     <span class='ocr_line' id='line_1_20' title="bbox 349 1263 1062 1307; baseline 0.003 -12"><span class='ocrx_word' id='word_1_108' title='bbox 349 1267 387 1296; x_wconf 91' lang='lat' dir='ltr'><strong>et</strong></span> <span class='ocrx_word' id='word_1_109' title='bbox 398 1263 525 1296; x_wconf 82' lang='lat' dir='ltr'><strong>decora</strong></span> <span class='ocrx_word' id='word_1_110' title='bbox 537 1263 735 1307; x_wconf 83' lang='lat' dir='ltr'><strong>suadentes,</strong></span> <span class='ocrx_word' id='word_1_111' title='bbox 743 1265 974 1298; x_wconf 88' lang='lat' dir='ltr'><strong>instrumenta</strong></span> <span class='ocrx_word' id='word_1_112' title='bbox 983 1269 1062 1297; x_wconf 86' lang='lat' dir='ltr'><strong>sunt</strong></span> 
     </span>
     <span class='ocr_line' id='line_1_21' title="bbox 349 1313 1062 1359; baseline 0.004 -14"><span class='ocrx_word' id='word_1_113' title='bbox 349 1313 432 1346; x_wconf 90' lang='lat' dir='ltr'><strong>boni</strong></span> <span class='ocrx_word' id='word_1_114' title='bbox 463 1315 592 1348; x_wconf 84' lang='lat' dir='ltr'><strong>saeculi.</strong></span> <span class='ocrx_word' id='word_1_115' title='bbox 651 1316 715 1348; x_wconf 89' lang='lat' dir='ltr'><strong>Est</strong></span> <span class='ocrx_word' id='word_1_116' title='bbox 746 1313 884 1359; x_wconf 84' lang='lat' dir='ltr'><strong>quidem</strong></span> <span class='ocrx_word' id='word_1_117' title='bbox 919 1316 1062 1348; x_wconf 83' lang='lat' dir='ltr'><strong>Rectori</strong></span> 
     </span>
     <span class='ocr_line' id='line_1_22' title="bbox 349 1365 1062 1409; baseline 0.004 -13"><span class='ocrx_word' id='word_1_118' title='bbox 349 1369 468 1398; x_wconf 86' lang='lat' dir='ltr'><strong>nostro</strong></span> <span class='ocrx_word' id='word_1_119' title='bbox 483 1365 591 1398; x_wconf 78' lang='lat' dir='ltr'><strong>divini</strong></span> <span class='ocrx_word' id='word_1_120' title='bbox 604 1365 715 1399; x_wconf 79' lang='lat' dir='ltr'><strong>fontis</strong></span> <span class='ocrx_word' id='word_1_121' title='bbox 731 1367 918 1409; x_wconf 80' lang='lat' dir='ltr'><strong>ingenium,</strong></span> <span class='ocrx_word' id='word_1_122' title='bbox 939 1371 975 1400; x_wconf 90' lang='lat' dir='ltr'><strong>et</strong></span> <span class='ocrx_word' id='word_1_123' title='bbox 992 1377 1062 1399; x_wconf 88' lang='lat' dir='ltr'><strong>om-</strong></span> 
     </span>
     <span class='ocr_line' id='line_1_23' title="bbox 349 1416 1063 1460; baseline 0.003 -13"><span class='ocrx_word' id='word_1_124' title='bbox 349 1416 443 1448; x_wconf 89' lang='lat' dir='ltr'><strong>nium</strong></span> <span class='ocrx_word' id='word_1_125' title='bbox 465 1416 633 1449; x_wconf 68' lang='lat' dir='ltr'><strong>virtutum</strong></span> <span class='ocrx_word' id='word_1_126' title='bbox 659 1422 796 1460; x_wconf 85' lang='lat' dir='ltr'><strong>promta</strong></span> <span class='ocrx_word' id='word_1_127' title='bbox 814 1424 949 1451; x_wconf 86' lang='lat' dir='ltr'><strong>natura.</strong></span> <span class='ocrx_word' id='word_1_128' title='bbox 993 1417 1063 1451; x_wconf 90' lang='lat' dir='ltr'><strong>Sed</strong></span> 
     </span>
     <span class='ocr_line' id='line_1_24' title="bbox 350 1466 1063 1511; baseline 0.003 -13"><span class='ocrx_word' id='word_1_129' title='bbox 350 1471 391 1498; x_wconf 89' lang='lat' dir='ltr'><strong>ut</strong></span> <span class='ocrx_word' id='word_1_130' title='bbox 406 1466 556 1507; x_wconf 80' lang='lat' dir='ltr'><strong>imagine</strong></span> <span class='ocrx_word' id='word_1_131' title='bbox 571 1468 622 1500; x_wconf 89' lang='lat' dir='ltr'><strong>uti</strong></span> <span class='ocrx_word' id='word_1_132' title='bbox 640 1467 760 1509; x_wconf 86' lang='lat' dir='ltr'><strong>liceat,</strong></span> <span class='ocrx_word' id='word_1_133' title='bbox 775 1469 923 1511; x_wconf 90' lang='lat' dir='ltr'><strong>optimos</strong></span> <span class='ocrx_word' id='word_1_134' title='bbox 939 1468 1063 1510; x_wconf 88' lang='lat' dir='ltr'><strong>guber-</strong></span> 
     </span>
     <span class='ocr_line' id='line_1_25' title="bbox 350 1518 1062 1552; baseline 0.004 -3"><span class='ocrx_word' id='word_1_135' title='bbox 350 1521 490 1550; x_wconf 84' lang='lat' dir='ltr'><strong>natores</strong></span> <span class='ocrx_word' id='word_1_136' title='bbox 504 1518 595 1550; x_wconf 83' lang='lat' dir='ltr'><strong>haud</strong></span> <span class='ocrx_word' id='word_1_137' title='bbox 612 1518 831 1551; x_wconf 83' lang='lat' dir='ltr'><strong>mediocriter</strong></span> <span class='ocrx_word' id='word_1_138' title='bbox 844 1520 948 1552; x_wconf 83' lang='lat' dir='ltr'><strong>etiam</strong></span> <span class='ocrx_word' id='word_1_139' title='bbox 964 1520 1062 1552; x_wconf 83' lang='lat' dir='ltr'><strong>remi-</strong></span> 
     </span>
     <span class='ocr_line' id='line_1_26' title="bbox 351 1570 1061 1610; baseline 0.006 -10"><span class='ocrx_word' id='word_1_140' title='bbox 351 1578 432 1610; x_wconf 85' lang='lat' dir='ltr'><strong>gum</strong></span> <span class='ocrx_word' id='word_1_141' title='bbox 453 1579 575 1602; x_wconf 82' lang='lat' dir='ltr'><strong>manus</strong></span> <span class='ocrx_word' id='word_1_142' title='bbox 590 1570 718 1609; x_wconf 69' lang='lat' dir='ltr'><strong>juvat!</strong></span> <span class='ocrx_word' id='word_1_143' title='bbox 763 1571 855 1603; x_wconf 89' lang='lat' dir='ltr'><strong>Illud</strong></span> <span class='ocrx_word' id='word_1_144' title='bbox 874 1571 930 1604; x_wconf 88' lang='lat' dir='ltr'><strong>bic</strong></span> <span class='ocrx_word' id='word_1_145' title='bbox 945 1571 1061 1604; x_wconf 87' lang='lat' dir='ltr'><strong>obser-</strong></span> 
     </span>
     <span class='ocr_line' id='line_1_27' title="bbox 350 1619 1062 1662; baseline 0.006 -11"><span class='ocrx_word' id='word_1_146' title='bbox 350 1619 499 1652; x_wconf 83' lang='lat' dir='ltr'><strong>vandum</strong></span> <span class='ocrx_word' id='word_1_147' title='bbox 528 1625 594 1662; x_wconf 88' lang='lat' dir='ltr'><strong>est,</strong></span> <span class='ocrx_word' id='word_1_148' title='bbox 616 1622 753 1654; x_wconf 86' lang='lat' dir='ltr'><strong>Velleio</strong></span> <span class='ocrx_word' id='word_1_149' title='bbox 768 1631 961 1654; x_wconf 86' lang='lat' dir='ltr'><strong>sermonem</strong></span> <span class='ocrx_word' id='word_1_150' title='bbox 985 1632 1062 1656; x_wconf 87' lang='lat' dir='ltr'><strong>esse</strong></span> 
     </span>
     <span class='ocr_line' id='line_1_28' title="bbox 350 1671 1063 1715; baseline 0.004 -13"><span class='ocrx_word' id='word_1_151' title='bbox 350 1680 421 1702; x_wconf 89' lang='lat' dir='ltr'><strong>non</strong></span> <span class='ocrx_word' id='word_1_152' title='bbox 443 1671 487 1703; x_wconf 86' lang='lat' dir='ltr'><strong>de</strong></span> <span class='ocrx_word' id='word_1_153' title='bbox 517 1672 646 1705; x_wconf 83' lang='lat' dir='ltr'><strong>Amicis</strong></span> <span class='ocrx_word' id='word_1_154' title='bbox 667 1672 868 1715; x_wconf 88' lang='lat' dir='ltr'><strong>Principum</strong></span> <span class='ocrx_word' id='word_1_155' title='bbox 890 1678 928 1706; x_wconf 86' lang='lat' dir='ltr'><strong>et</strong></span> <span class='ocrx_word' id='word_1_156' title='bbox 953 1674 1063 1707; x_wconf 85' lang='lat' dir='ltr'><strong>consi·</strong></span> 
     </span>
     <span class='ocr_line' id='line_1_29' title="bbox 350 1721 1062 1764; baseline 0.006 -11"><span class='ocrx_word' id='word_1_157' title='bbox 350 1721 458 1755; x_wconf 86' lang='lat' dir='ltr'><strong>liariis</strong></span> <span class='ocrx_word' id='word_1_158' title='bbox 473 1722 753 1764; x_wconf 87' lang='lat' dir='ltr'><strong>universim‚sed</strong></span> <span class='ocrx_word' id='word_1_159' title='bbox 778 1724 823 1756; x_wconf 86' lang='lat' dir='ltr'><strong>dc</strong></span> <span class='ocrx_word' id='word_1_160' title='bbox 847 1725 980 1757; x_wconf 87' lang='lat' dir='ltr'><strong>eximiis</strong></span> <span class='ocrx_word' id='word_1_161' title='bbox 995 1725 1062 1758; x_wconf 90' lang='lat' dir='ltr'><strong>illis</strong></span> 
     </span>
     <span class='ocr_line' id='line_1_30' title="bbox 351 1771 1063 1818; baseline 0.006 -14"><span class='ocrx_word' id='word_1_162' title='bbox 351 1771 584 1815; x_wconf 82' lang='lat' dir='ltr'><strong>Adjutoribus</strong></span> <span class='ocrx_word' id='word_1_163' title='bbox 611 1783 739 1817; x_wconf 88' lang='lat' dir='ltr'><strong>rerum,</strong></span> <span class='ocrx_word' id='word_1_164' title='bbox 764 1776 898 1818; x_wconf 88' lang='lat' dir='ltr'><strong>qualem</strong></span> <span class='ocrx_word' id='word_1_165' title='bbox 914 1776 1063 1818; x_wconf 87' lang='lat' dir='ltr'><strong>plerum-</strong></span> 
     </span>
     <span class='ocr_line' id='line_1_31' title="bbox 352 1827 1063 1870; baseline 0.004 -14"><span class='ocrx_word' id='word_1_166' title='bbox 352 1834 419 1866; x_wconf 88' lang='lat' dir='ltr'><strong>que</strong></span> <span class='ocrx_word' id='word_1_167' title='bbox 443 1834 548 1857; x_wconf 87' lang='lat' dir='ltr'><strong>unum</strong></span> <span class='ocrx_word' id='word_1_168' title='bbox 565 1828 712 1866; x_wconf 83' lang='lat' dir='ltr'><strong>tantum,</strong></span> <span class='ocrx_word' id='word_1_169' title='bbox 735 1836 814 1859; x_wconf 83' lang='lat' dir='ltr'><strong>raro</strong></span> <span class='ocrx_word' id='word_1_170' title='bbox 841 1827 939 1868; x_wconf 90' lang='lat' dir='ltr'><strong>dnos,</strong></span> <span class='ocrx_word' id='word_1_171' title='bbox 955 1827 1063 1870; x_wconf 87' lang='lat' dir='ltr'><strong>(peri-</strong></span> 
     </span>
     <span class='ocr_line' id='line_1_32' title="bbox 352 1875 1063 1920; baseline 0.003 -11"><span class='ocrx_word' id='word_1_172' title='bbox 352 1875 469 1909; x_wconf 87' lang='lat' dir='ltr'><strong>culose</strong></span> <span class='ocrx_word' id='word_1_173' title='bbox 498 1876 590 1908; x_wconf 88' lang='lat' dir='ltr'><strong>enim</strong></span> <span class='ocrx_word' id='word_1_174' title='bbox 626 1877 784 1918; x_wconf 87' lang='lat' dir='ltr'><strong>pluribus</strong></span> <span class='ocrx_word' id='word_1_175' title='bbox 818 1878 852 1910; x_wconf 92' lang='lat' dir='ltr'><strong>id</strong></span> <span class='ocrx_word' id='word_1_176' title='bbox 886 1877 1063 1920; x_wconf 77' lang='lat' dir='ltr'><strong>fastigium</strong></span> 
     </span>
     <span class='ocr_line' id='line_1_33' title="bbox 350 1925 1063 1971; baseline 0.006 -13"><span class='ocrx_word' id='word_1_177' title='bbox 350 1925 582 1968; x_wconf 84' lang='lat' dir='ltr'><strong>indulgetur,)</strong></span> <span class='ocrx_word' id='word_1_178' title='bbox 594 1927 717 1969; x_wconf 81' lang='lat' dir='ltr'><strong>Magni</strong></span> <span class='ocrx_word' id='word_1_179' title='bbox 726 1928 911 1971; x_wconf 84' lang='lat' dir='ltr'><strong>Principes</strong></span> <span class='ocrx_word' id='word_1_180' title='bbox 924 1929 989 1962; x_wconf 90' lang='lat' dir='ltr'><strong>sibi</strong></span> <span class='ocrx_word' id='word_1_181' title='bbox 1003 1929 1063 1962; x_wconf 82' lang='lat' dir='ltr'><strong>ad-</strong></span> 
     </span>
     <span class='ocr_line' id='line_1_34' title="bbox 350 1977 1064 2023; baseline 0.006 -14"><span class='ocrx_word' id='word_1_182' title='bbox 350 1981 494 2010; x_wconf 85' lang='lat' dir='ltr'><strong>movent</strong></span> <span class='ocrx_word' id='word_1_183' title='bbox 507 1977 627 2010; x_wconf 82' lang='lat' dir='ltr'><strong>intima</strong></span> <span class='ocrx_word' id='word_1_184' title='bbox 642 1978 805 2020; x_wconf 84' lang='lat' dir='ltr'><strong>amicitia,</strong></span> <span class='ocrx_word' id='word_1_185' title='bbox 819 1980 1064 2023; x_wconf 87' lang='lat' dir='ltr'><strong>proximosque</strong></span> 
     </span>
     <span class='ocr_line' id='line_1_35' title="bbox 351 2028 1064 2071; baseline 0.008 -13"><span class='ocrx_word' id='word_1_186' title='bbox 351 2036 422 2059; x_wconf 83' lang='lat' dir='ltr'><strong>suae</strong></span> <span class='ocrx_word' id='word_1_187' title='bbox 443 2028 673 2070; x_wconf 86' lang='lat' dir='ltr'><strong>magnitudini</strong></span> <span class='ocrx_word' id='word_1_188' title='bbox 696 2038 772 2062; x_wconf 88' lang='lat' dir='ltr'><strong>esse</strong></span> <span class='ocrx_word' id='word_1_189' title='bbox 792 2029 944 2071; x_wconf 78' lang='lat' dir='ltr'><strong>jubent:</strong></span> <span class='ocrx_word' id='word_1_190' title='bbox 973 2031 1064 2064; x_wconf 84' lang='lat' dir='ltr'><strong>sicut</strong></span> 
     </span>
     <span class='ocr_line' id='line_1_36' title="bbox 351 2077 1064 2125; baseline 0.007 -15"><span class='ocrx_word' id='word_1_191' title='bbox 351 2079 520 2120; x_wconf 83' lang='lat' dir='ltr'><strong>exemplis</strong></span> <span class='ocrx_word' id='word_1_192' title='bbox 548 2077 732 2122; x_wconf 82' lang='lat' dir='ltr'><strong>Agrippae,</strong></span> <span class='ocrx_word' id='word_1_193' title='bbox 770 2080 955 2125; x_wconf 82' lang='lat' dir='ltr'><strong>Seianique</strong></span> <span class='ocrx_word' id='word_1_194' title='bbox 984 2092 1064 2115; x_wconf 89' lang='lat' dir='ltr'><strong>con-</strong></span> 
     </span>
     <span class='ocr_line' id='line_1_37' title="bbox 351 2129 1065 2175; baseline 0.007 -14"><span class='ocrx_word' id='word_1_195' title='bbox 351 2132 434 2162; x_wconf 77' lang='lat' dir='ltr'><strong>stat.</strong></span> <span class='ocrx_word' id='word_1_196' title='bbox 457 2129 537 2162; x_wconf 89' lang='lat' dir='ltr'><strong>Non</strong></span> <span class='ocrx_word' id='word_1_197' title='bbox 553 2130 736 2172; x_wconf 85' lang='lat' dir='ltr'><strong>patiuntur</strong></span> <span class='ocrx_word' id='word_1_198' title='bbox 751 2133 911 2173; x_wconf 82' lang='lat' dir='ltr'><strong>graviora</strong></span> <span class='ocrx_word' id='word_1_199' title='bbox 924 2133 1065 2175; x_wconf 81' lang='lat' dir='ltr'><strong>negotia</strong></span> 
     </span>
     <span class='ocr_line' id='line_1_38' title="bbox 351 2180 1063 2226; baseline 0.008 -15"><span class='ocrx_word' id='word_1_200' title='bbox 351 2180 596 2219; x_wconf 82' lang='lat' dir='ltr'><strong>conscientiam</strong></span> <span class='ocrx_word' id='word_1_201' title='bbox 617 2181 780 2225; x_wconf 86' lang='lat' dir='ltr'><strong>plurium,</strong></span> <span class='ocrx_word' id='word_1_202' title='bbox 800 2193 914 2226; x_wconf 90' lang='lat' dir='ltr'><strong>neque</strong></span> <span class='ocrx_word' id='word_1_203' title='bbox 939 2184 1063 2226; x_wconf 86' lang='lat' dir='ltr'><strong>guber-</strong></span> 
     </span>
     <span class='ocr_line' id='line_1_39' title="bbox 351 2229 1063 2278; baseline 0.007 -15"><span class='ocrx_word' id='word_1_204' title='bbox 351 2231 429 2264; x_wconf 83' lang='lat' dir='ltr'><strong>nari</strong></span> <span class='ocrx_word' id='word_1_205' title='bbox 444 2229 595 2264; x_wconf 84' lang='lat' dir='ltr'><strong>feliciter</strong></span> <span class='ocrx_word' id='word_1_206' title='bbox 619 2233 735 2276; x_wconf 87' lang='lat' dir='ltr'><strong>aliqua</strong></span> <span class='ocrx_word' id='word_1_207' title='bbox 749 2234 817 2267; x_wconf 89' lang='lat' dir='ltr'><strong>nisi</strong></span> <span class='ocrx_word' id='word_1_208' title='bbox 839 2235 936 2268; x_wconf 90' lang='lat' dir='ltr'><strong>unius</strong></span> <span class='ocrx_word' id='word_1_209' title='bbox 954 2244 1063 2278; x_wconf 84' lang='lat' dir='ltr'><strong>opera</strong></span> 
     </span>
     <span class='ocr_line' id='line_1_40' title="bbox 352 2283 1063 2328; baseline 0.007 -15"><span class='ocrx_word' id='word_1_210' title='bbox 352 2285 519 2323; x_wconf 83' lang='lat' dir='ltr'><strong>possunt:</strong></span> <span class='ocrx_word' id='word_1_211' title='bbox 543 2291 626 2325; x_wconf 87' lang='lat' dir='ltr'><strong>ergo</strong></span> <span class='ocrx_word' id='word_1_212' title='bbox 642 2283 844 2326; x_wconf 86' lang='lat' dir='ltr'><strong>deligendus</strong></span> <span class='ocrx_word' id='word_1_213' title='bbox 860 2286 996 2328; x_wconf 84' lang='lat' dir='ltr'><strong>aliquis,</strong></span> <span class='ocrx_word' id='word_1_214' title='bbox 1007 2285 1063 2318; x_wconf 87' lang='lat' dir='ltr'><strong>cui</strong></span> 
     </span>
     <span class='ocr_line' id='line_1_41' title="bbox 351 2332 1062 2376; baseline 0.008 -12"><span class='ocrx_word' id='word_1_215' title='bbox 351 2332 537 2375; x_wconf 86' lang='lat' dir='ltr'><strong>Princeps,</strong></span> <span class='ocrx_word' id='word_1_216' title='bbox 560 2334 620 2376; x_wconf 87' lang='lat' dir='ltr'><strong>qui</strong></span> <span class='ocrx_word' id='word_1_217' title='bbox 645 2344 716 2367; x_wconf 87' lang='lat' dir='ltr'><strong>non</strong></span> <span class='ocrx_word' id='word_1_218' title='bbox 741 2336 855 2369; x_wconf 84' lang='lat' dir='ltr'><strong>omnia</strong></span> <span class='ocrx_word' id='word_1_219' title='bbox 877 2338 969 2369; x_wconf 83' lang='lat' dir='ltr'><strong>solus</strong></span> <span class='ocrx_word' id='word_1_220' title='bbox 1000 2346 1062 2369; x_wconf 82' lang='lat' dir='ltr'><strong>sua</strong></span> 
     </span>
     <span class='ocr_line' id='line_1_42' title="bbox 352 2383 1063 2430; baseline 0.008 -15"><span class='ocrx_word' id='word_1_221' title='bbox 352 2383 499 2416; x_wconf 83' lang='lat' dir='ltr'><strong>scientia</strong></span> <span class='ocrx_word' id='word_1_222' title='bbox 528 2389 679 2428; x_wconf 80' lang='lat' dir='ltr'><strong>actuque</strong></span> <span class='ocrx_word' id='word_1_223' title='bbox 715 2391 834 2428; x_wconf 76' lang='lat' dir='ltr'><strong>potest</strong></span> <span class='ocrx_word' id='word_1_224' title='bbox 859 2388 1063 2430; x_wconf 86' lang='lat' dir='ltr'><strong>complecti,</strong></span> 
     </span>
     <span class='ocr_line' id='line_1_43' title="bbox 352 2437 1062 2480; baseline 0.007 -14"><span class='ocrx_word' id='word_1_225' title='bbox 352 2444 483 2467; x_wconf 82' lang='lat' dir='ltr'><strong>summa</strong></span> <span class='ocrx_word' id='word_1_226' title='bbox 511 2437 654 2477; x_wconf 85' lang='lat' dir='ltr'><strong>negotia</strong></span> <span class='ocrx_word' id='word_1_227' title='bbox 693 2438 912 2471; x_wconf 86' lang='lat' dir='ltr'><strong>committere</strong></span> <span class='ocrx_word' id='word_1_228' title='bbox 941 2438 1062 2480; x_wconf 82' lang='lat' dir='ltr'><strong>possit.</strong></span> 
     </span>
     <span class='ocr_line' id='line_1_44' title="bbox 352 2485 1061 2528; baseline 0.007 -11"><span class='ocrx_word' id='word_1_229' title='bbox 352 2485 477 2528; x_wconf 88' lang='lat' dir='ltr'><strong>Porro,</strong></span> <span class='ocrx_word' id='word_1_230' title='bbox 504 2485 595 2519; x_wconf 88' lang='lat' dir='ltr'><strong>huuc</strong></span> <span class='ocrx_word' id='word_1_231' title='bbox 619 2486 727 2520; x_wconf 84' lang='lat' dir='ltr'><strong>fidum</strong></span> <span class='ocrx_word' id='word_1_232' title='bbox 753 2487 872 2522; x_wconf 82' lang='lat' dir='ltr'><strong>facere</strong></span> <span class='ocrx_word' id='word_1_233' title='bbox 894 2489 960 2522; x_wconf 82' lang='lat' dir='ltr'><strong>sibi</strong></span> <span class='ocrx_word' id='word_1_234' title='bbox 989 2493 1061 2522; x_wconf 90' lang='lat' dir='ltr'><strong>tum</strong></span> 
     </span>
     <span class='ocr_line' id='line_1_45' title="bbox 351 2535 1063 2577; baseline 0.008 -10"><span class='ocrx_word' id='word_1_235' title='bbox 351 2535 426 2568; x_wconf 82' lang='lat' dir='ltr'><strong>aliis</strong></span> <span class='ocrx_word' id='word_1_236' title='bbox 442 2535 557 2577; x_wconf 88' lang='lat' dir='ltr'><strong>rebus,</strong></span> <span class='ocrx_word' id='word_1_237' title='bbox 572 2540 645 2569; x_wconf 88' lang='lat' dir='ltr'><strong>tum</strong></span> <span class='ocrx_word' id='word_1_238' title='bbox 666 2538 777 2570; x_wconf 84' lang='lat' dir='ltr'><strong>multa</strong></span> <span class='ocrx_word' id='word_1_239' title='bbox 797 2539 1063 2573; x_wconf 82' lang='lat' dir='ltr'><strong>honorificentia</strong></span> 
     </span>
     <span class='ocr_line' id='line_1_46' title="bbox 351 2587 1062 2632; baseline 0.007 -14"><span class='ocrx_word' id='word_1_240' title='bbox 351 2595 495 2620; x_wconf 85' lang='lat' dir='ltr'><strong>necesse</strong></span> <span class='ocrx_word' id='word_1_241' title='bbox 516 2591 580 2621; x_wconf 87' lang='lat' dir='ltr'><strong>est.</strong></span> <span class='ocrx_word' id='word_1_242' title='bbox 624 2588 717 2621; x_wconf 90' lang='lat' dir='ltr'><strong>Hinc</strong></span> <span class='ocrx_word' id='word_1_243' title='bbox 743 2587 920 2632; x_wconf 80' lang='lat' dir='ltr'><strong>fastigium</strong></span> <span class='ocrx_word' id='word_1_244' title='bbox 941 2590 1026 2623; x_wconf 87' lang='lat' dir='ltr'><strong>illud</strong></span> <span class='ocrx_word' id='word_1_245' title='bbox 1041 2599 1062 2624; x_wconf 82' lang='lat' dir='ltr'><strong>a</strong></span> 
     </span>
     <span class='ocr_line' id='line_1_47' title="bbox 351 2636 1061 2683; baseline 0.01 -15"><span class='ocrx_word' id='word_1_246' title='bbox 351 2636 527 2679; x_wconf 82' lang='lat' dir='ltr'><strong>Principis</strong></span> <span class='ocrx_word' id='word_1_247' title='bbox 554 2638 741 2681; x_wconf 76' lang='lat' dir='ltr'><strong>majestate</strong></span> <span class='ocrx_word' id='word_1_248' title='bbox 773 2641 991 2683; x_wconf 82' lang='lat' dir='ltr'><strong>proximum3</strong></span> <span class='ocrx_word' id='word_1_249' title='bbox 1027 2642 1061 2675; x_wconf 93' lang='lat' dir='ltr'><strong>in</strong></span> 
     </span>
     <span class='ocr_line' id='line_1_48' title="bbox 353 2688 1063 2736; baseline 0.01 -17"><span class='ocrx_word' id='word_1_250' title='bbox 353 2688 445 2728; x_wconf 89' lang='lat' dir='ltr'><strong>quod</strong></span> <span class='ocrx_word' id='word_1_251' title='bbox 460 2697 526 2721; x_wconf 90' lang='lat' dir='ltr'><strong>non</strong></span> <span class='ocrx_word' id='word_1_252' title='bbox 548 2692 620 2723; x_wconf 82' lang='lat' dir='ltr'><strong>tam</strong></span> <span class='ocrx_word' id='word_1_253' title='bbox 644 2695 726 2723; x_wconf 85' lang='lat' dir='ltr'><strong>voto</strong></span> <span class='ocrx_word' id='word_1_254' title='bbox 754 2691 942 2735; x_wconf 86' lang='lat' dir='ltr'><strong>Principis,</strong></span> <span class='ocrx_word' id='word_1_255' title='bbox 961 2700 1063 2736; x_wconf 80' lang='lat' dir='ltr'><strong>quam</strong></span> 
     </span>
     <span class='ocr_line' id='line_1_49' title="bbox 351 2738 1063 2786; baseline 0.01 -17"><span class='ocrx_word' id='word_1_256' title='bbox 351 2738 573 2782; x_wconf 75' lang='lat' dir='ltr'><strong>necessitate,</strong></span> <span class='ocrx_word' id='word_1_257' title='bbox 593 2744 633 2773; x_wconf 89' lang='lat' dir='ltr'><strong>ut</strong></span> <span class='ocrx_word' id='word_1_258' title='bbox 656 2740 840 2784; x_wconf 86' lang='lat' dir='ltr'><strong>innuimus,</strong></span> <span class='ocrx_word' id='word_1_259' title='bbox 871 2743 1063 2786; x_wconf 74' lang='lat' dir='ltr'><strong>reponitur,</strong></span> 
     </span>
     <span class='ocr_line' id='line_1_50' title="bbox 352 2788 1061 2833; baseline 0.013 -14"><span class='ocrx_word' id='word_1_260' title='bbox 352 2788 506 2830; x_wconf 86' lang='lat' dir='ltr'><strong>quisquis</strong></span> <span class='ocrx_word' id='word_1_261' title='bbox 545 2792 737 2833; x_wconf 84' lang='lat' dir='ltr'><strong>reponitur.</strong></span> <span class='ocrx_word' id='word_1_262' title='bbox 794 2794 912 2828; x_wconf 76' lang='lat' dir='ltr'><strong>Quare</strong></span> <span class='ocrx_word' id='word_1_263' title='bbox 952 2796 1061 2828; x_wconf 87' lang='lat' dir='ltr'><strong>multa</strong></span> 
     </span>
    </p>
   </div>
   <div class='ocr_carea' id='block_1_3' title="bbox 649 246 1506 280">
    <p class='ocr_par' dir='ltr' id='par_1_4' title="bbox 649 246 1506 280">
     <span class='ocr_line' id='line_1_51' title="bbox 649 246 1506 280; baseline -0.002 -1"><span class='ocrx_word' id='word_1_264' title='bbox 649 246 795 279; x_wconf 81' lang='lat' dir='ltr'><strong>No&#39;rAE</strong></span> <span class='ocrx_word' id='word_1_265' title='bbox 828 246 1098 279; x_wconf 78' lang='lat' dir='ltr'>VARIORUM</span> <span class='ocrx_word' id='word_1_266' title='bbox 1131 247 1185 279; x_wconf 69' lang='grc' dir='ltr'><strong>ΙΝ</strong></span> <span class='ocrx_word' id='word_1_267' title='bbox 1219 246 1506 280; x_wconf 74' lang='lat' dir='ltr'><strong>PATssRcUm</strong></span> 
     </span>
    </p>
   </div>
   <div class='ocr_carea' id='block_1_4' title="bbox 1108 341 1827 2837">
    <p class='ocr_par' dir='ltr' id='par_1_5' title="bbox 1109 341 1823 888">
     <span class='ocr_line' id='line_1_52' title="bbox 1109 341 1821 386; baseline 0.001 -12"><span class='ocrx_word' id='word_1_268' title='bbox 1109 350 1196 374; x_wconf 78' lang='lat' dir='ltr'><strong>cana</strong></span> <span class='ocrx_word' id='word_1_269' title='bbox 1207 341 1372 375; x_wconf 80' lang='lat' dir='ltr'><strong>adversus</strong></span> <span class='ocrx_word' id='word_1_270' title='bbox 1386 341 1610 375; x_wconf 78' lang='lat' dir='ltr'><strong>maximarum</strong></span> <span class='ocrx_word' id='word_1_271' title='bbox 1636 348 1748 375; x_wconf 81' lang='lat' dir='ltr'><strong>rernm</strong></span> <span class='ocrx_word' id='word_1_272' title='bbox 1764 346 1821 386; x_wconf 59' lang='grc' dir='ltr'><strong>ευ·-</strong></span> 
     </span>
     <span class='ocr_line' id='line_1_53' title="bbox 1109 391 1822 436; baseline 0.001 -12"><span class='ocrx_word' id='word_1_273' title='bbox 1109 392 1326 435; x_wconf 82' lang='lat' dir='ltr'><strong>bernatores‚</strong></span> <span class='ocrx_word' id='word_1_274' title='bbox 1339 403 1426 436; x_wconf 88' lang='lat' dir='ltr'><strong>quos</strong></span> <span class='ocrx_word' id='word_1_275' title='bbox 1447 397 1483 426; x_wconf 84' lang='lat' dir='ltr'><strong>et</strong></span> <span class='ocrx_word' id='word_1_276' title='bbox 1509 391 1623 427; x_wconf 80' lang='lat' dir='ltr'><strong>colere</strong></span> <span class='ocrx_word' id='word_1_277' title='bbox 1639 396 1822 436; x_wconf 70' lang='lat' dir='ltr'><strong>coguntur,</strong></span> 
     </span>
     <span class='ocr_line' id='line_1_54' title="bbox 1110 442 1823 487; baseline 0 -11"><span class='ocrx_word' id='word_1_278' title='bbox 1110 447 1147 476; x_wconf 91' lang='lat' dir='ltr'><strong>et</strong></span> <span class='ocrx_word' id='word_1_279' title='bbox 1172 444 1376 487; x_wconf 86' lang='lat' dir='ltr'><strong>plerumque</strong></span> <span class='ocrx_word' id='word_1_280' title='bbox 1405 453 1474 477; x_wconf 89' lang='lat' dir='ltr'><strong>non</strong></span> <span class='ocrx_word' id='word_1_281' title='bbox 1509 448 1656 487; x_wconf 80' lang='lat' dir='ltr'><strong>possunt</strong></span> <span class='ocrx_word' id='word_1_282' title='bbox 1683 442 1753 477; x_wconf 83' lang='lat' dir='ltr'><strong>non</strong></span> <span class='ocrx_word' id='word_1_283' title='bbox 1779 444 1823 476; x_wconf 69' lang='lat' dir='ltr'><strong>n.</strong></span> 
     </span>
     <span class='ocr_line' id='line_1_55' title="bbox 1110 494 1821 538; baseline 0 -12"><span class='ocrx_word' id='word_1_284' title='bbox 1110 503 1217 527; x_wconf 87' lang='lat' dir='ltr'><strong>mere.</strong></span> <span class='ocrx_word' id='word_1_285' title='bbox 1261 495 1330 527; x_wconf 87' lang='lat' dir='ltr'><strong>Sed</strong></span> <span class='ocrx_word' id='word_1_286' title='bbox 1346 495 1454 538; x_wconf 88' lang='lat' dir='ltr'><strong>quid?</strong></span> <span class='ocrx_word' id='word_1_287' title='bbox 1482 495 1585 538; x_wconf 62' lang='lat' dir='ltr'><strong>pfflra</strong></span> <span class='ocrx_word' id='word_1_288' title='bbox 1612 494 1661 527; x_wconf 89' lang='lat' dir='ltr'><strong>illi</strong></span> <span class='ocrx_word' id='word_1_289' title='bbox 1684 494 1751 536; x_wconf 85' lang='lat' dir='ltr'><strong>ipsi</strong></span> <span class='ocrx_word' id='word_1_290' title='bbox 1767 503 1821 527; x_wconf 71' lang='lat' dir='ltr'><strong>nr·</strong></span> 
     </span>
     <span class='ocr_line' id='line_1_56' title="bbox 1110 544 1821 589; baseline -0.001 -11"><span class='ocrx_word' id='word_1_291' title='bbox 1110 555 1199 578; x_wconf 83' lang='lat' dir='ltr'><strong>cana</strong></span> <span class='ocrx_word' id='word_1_292' title='bbox 1228 546 1263 578; x_wconf 91' lang='lat' dir='ltr'><strong>in</strong></span> <span class='ocrx_word' id='word_1_293' title='bbox 1293 550 1458 589; x_wconf 86' lang='lat' dir='ltr'><strong>promptu</strong></span> <span class='ocrx_word' id='word_1_294' title='bbox 1489 546 1620 579; x_wconf 76' lang='lat' dir='ltr'><strong>habeut</strong></span> <span class='ocrx_word' id='word_1_295' title='bbox 1657 544 1821 578; x_wconf 73' lang='lat' dir='ltr'><strong>adversus</strong></span> 
     </span>
     <span class='ocr_line' id='line_1_57' title="bbox 1110 593 1822 639; baseline -0.003 -10"><span class='ocrx_word' id='word_1_296' title='bbox 1110 597 1325 639; x_wconf 88' lang='lat' dir='ltr'><strong>Principem.</strong></span> <span class='ocrx_word' id='word_1_297' title='bbox 1370 598 1379 615; x_wconf 92' lang='lat'>‘</span> <span class='ocrx_word' id='word_1_298' title='bbox 1398 597 1510 630; x_wconf 88' lang='lat' dir='ltr'><strong>Unum</strong></span> <span class='ocrx_word' id='word_1_299' title='bbox 1549 601 1678 637; x_wconf 73' lang='lat' dir='ltr'><strong>mitem,</strong></span> <span class='ocrx_word' id='word_1_300' title='bbox 1717 593 1822 639; x_wconf 85' lang='lat' dir='ltr'><strong>idque</strong></span> 
     </span>
     <span class='ocr_line' id='line_1_58' title="bbox 1111 646 1823 690; baseline -0.001 -10"><span class='ocrx_word' id='word_1_301' title='bbox 1111 648 1343 680; x_wconf 85' lang='lat' dir='ltr'><strong>certissimum</strong></span> <span class='ocrx_word' id='word_1_302' title='bbox 1372 657 1534 684; x_wconf 81' lang='lat' dir='ltr'><strong>arcanum</strong></span> <span class='ocrx_word' id='word_1_303' title='bbox 1557 647 1602 680; x_wconf 84' lang='lat' dir='ltr'><strong>ad</strong></span> <span class='ocrx_word' id='word_1_304' title='bbox 1627 648 1713 690; x_wconf 85' lang='lat' dir='ltr'><strong>reip.</strong></span> <span class='ocrx_word' id='word_1_305' title='bbox 1733 646 1823 679; x_wconf 76' lang='lat' dir='ltr'><strong>sain-</strong></span> 
     </span>
     <span class='ocr_line' id='line_1_59' title="bbox 1111 697 1823 742; baseline -0.003 -10"><span class='ocrx_word' id='word_1_306' title='bbox 1111 703 1196 739; x_wconf 89' lang='lat' dir='ltr'><strong>tem,</strong></span> <span class='ocrx_word' id='word_1_307' title='bbox 1222 703 1277 731; x_wconf 89' lang='lat' dir='ltr'><strong>est</strong></span> <span class='ocrx_word' id='word_1_308' title='bbox 1301 698 1478 741; x_wconf 89' lang='lat' dir='ltr'><strong>Principis</strong></span> <span class='ocrx_word' id='word_1_309' title='bbox 1501 698 1609 741; x_wconf 86' lang='lat' dir='ltr'><strong>ipsius</strong></span> <span class='ocrx_word' id='word_1_310' title='bbox 1635 697 1762 742; x_wconf 69' lang='lat' dir='ltr'><strong>peritia</strong></span> <span class='ocrx_word' id='word_1_311' title='bbox 1785 705 1823 731; x_wconf 87' lang='lat' dir='ltr'><strong>et</strong></span> 
     </span>
     <span class='ocr_line' id='line_1_60' title="bbox 1112 747 1822 792; baseline -0.001 -11"><span class='ocrx_word' id='word_1_312' title='bbox 1112 749 1323 792; x_wconf 65' lang='lat' dir='ltr'><strong>prudentia:</strong></span> <span class='ocrx_word' id='word_1_313' title='bbox 1344 759 1388 782; x_wconf 88' lang='lat' dir='ltr'><strong>ne</strong></span> <span class='ocrx_word' id='word_1_314' title='bbox 1413 749 1547 782; x_wconf 88' lang='lat' dir='ltr'><strong>scilicet</strong></span> <span class='ocrx_word' id='word_1_315' title='bbox 1569 752 1663 781; x_wconf 77' lang='lat' dir='ltr'><strong>totus</strong></span> <span class='ocrx_word' id='word_1_316' title='bbox 1685 747 1822 780; x_wconf 75' lang='lat' dir='ltr'><strong>aliunde</strong></span> 
     </span>
     <span class='ocr_line' id='line_1_61' title="bbox 1112 798 1822 843; baseline -0.003 -10"><span class='ocrx_word' id='word_1_317' title='bbox 1112 801 1277 843; x_wconf 80' lang='lat' dir='ltr'><strong>pendeat,</strong></span> <span class='ocrx_word' id='word_1_318' title='bbox 1288 801 1349 833; x_wconf 75' lang='lat' dir='ltr'><strong>sed</strong></span> <span class='ocrx_word' id='word_1_319' title='bbox 1364 800 1477 833; x_wconf 74' lang='lat' dir='ltr'><strong>omnia</strong></span> <span class='ocrx_word' id='word_1_320' title='bbox 1490 798 1625 842; x_wconf 83' lang='lat' dir='ltr'><strong>abipso</strong></span> <span class='ocrx_word' id='word_1_321' title='bbox 1634 798 1822 842; x_wconf 74' lang='lat' dir='ltr'><strong>pendeant.</strong></span> 
     </span>
     <span class='ocr_line' id='line_1_62' title="bbox 1111 853 1638 888; baseline 0 -2"><span class='ocrx_word' id='word_1_322' title='bbox 1111 854 1201 886; x_wconf 88' lang='lat' dir='ltr'><strong>Vide</strong></span> <span class='ocrx_word' id='word_1_323' title='bbox 1217 855 1350 888; x_wconf 87' lang='lat' dir='ltr'><strong>Comin.</strong></span> <span class='ocrx_word' id='word_1_324' title='bbox 1366 855 1425 887; x_wconf 86' lang='lat' dir='ltr'><strong>lib.</strong></span> <span class='ocrx_word' id='word_1_325' title='bbox 1439 862 1501 887; x_wconf 87' lang='grc' dir='ltr'><strong>ιιι.</strong></span> <span class='ocrx_word' id='word_1_326' title='bbox 1533 853 1638 886; x_wconf 78' lang='lat' dir='ltr'><strong>Idem.</strong></span> 
     </span>
    </p>

    <p class='ocr_par' dir='ltr' id='par_1_6' title="bbox 1112 900 1827 1757">
     <span class='ocr_line' id='line_1_63' title="bbox 1160 900 1823 947; baseline -0.003 -9"><span class='ocrx_word' id='word_1_327' title='bbox 1160 907 1303 939; x_wconf 74' lang='lat' dir='ltr'><strong>Maxime</strong></span> <span class='ocrx_word' id='word_1_328' title='bbox 1327 905 1366 938; x_wconf 83' lang='lat' dir='ltr'><strong>ab</strong></span> <span class='ocrx_word' id='word_1_329' title='bbox 1391 906 1443 947; x_wconf 83' lang='lat' dir='ltr'><strong>eo]</strong></span> <span class='ocrx_word' id='word_1_330' title='bbox 1488 905 1589 938; x_wconf 85' lang='lat' dir='ltr'><strong>Ferri</strong></span> <span class='ocrx_word' id='word_1_331' title='bbox 1608 900 1823 947; x_wconf 63' lang='lat' dir='ltr'><strong>intelligique</strong></span> 
     </span>
     <span class='ocr_line' id='line_1_64' title="bbox 1112 954 1824 999; baseline -0.003 -10"><span class='ocrx_word' id='word_1_332' title='bbox 1112 960 1253 999; x_wconf 83' lang='lat' dir='ltr'><strong>potest.</strong></span> <span class='ocrx_word' id='word_1_333' title='bbox 1290 966 1354 999; x_wconf 84' lang='lat' dir='ltr'><strong>ego</strong></span> <span class='ocrx_word' id='word_1_334' title='bbox 1385 961 1500 989; x_wconf 83' lang='lat' dir='ltr'><strong>tamen</strong></span> <span class='ocrx_word' id='word_1_335' title='bbox 1529 954 1763 996; x_wconf 75' lang='grc' dir='ltr'><strong>Μαννεύσομαι,</strong></span> <span class='ocrx_word' id='word_1_336' title='bbox 1783 955 1824 987; x_wconf 68' lang='grc' dir='ltr'><strong>ὥς</strong></span> 
     </span>
     <span class='ocr_line' id='line_1_65' title="bbox 1113 1005 1824 1049; baseline -0.003 -8"><span class='ocrx_word' id='word_1_337' title='bbox 1113 1008 1158 1041; x_wconf 78' lang='grc' dir='ltr'><strong>ἐνὶ</strong></span> <span class='ocrx_word' id='word_1_338' title='bbox 1187 1010 1269 1049; x_wconf 77' lang='grc' dir='ltr'><strong><em>θυμῷ</em></strong></span> <span class='ocrx_word' id='word_1_339' title='bbox 1296 1006 1459 1040; x_wconf 71' lang='grc' dir='ltr'><strong>Ἀθάνατοι</strong></span> <span class='ocrx_word' id='word_1_340' title='bbox 1482 1005 1654 1048; x_wconf 77' lang='grc' dir='ltr'><strong>βάλλουσι,</strong></span> <span class='ocrx_word' id='word_1_341' title='bbox 1675 1010 1712 1039; x_wconf 79' lang='lat' dir='ltr'><strong>et</strong></span> <span class='ocrx_word' id='word_1_342' title='bbox 1737 1011 1824 1049; x_wconf 83' lang='lat' dir='ltr'><strong>puto</strong></span> 
     </span>
     <span class='ocr_line' id='line_1_66' title="bbox 1112 1058 1824 1101; baseline -0.003 -9"><span class='ocrx_word' id='word_1_343' title='bbox 1112 1059 1231 1101; x_wconf 86' lang='lat' dir='ltr'><strong>fuisse,</strong></span> <span class='ocrx_word' id='word_1_344' title='bbox 1254 1058 1306 1092; x_wconf 89' lang='lat' dir='ltr'><strong>M.</strong></span> <span class='ocrx_word' id='word_1_345' title='bbox 1321 1059 1480 1101; x_wconf 80' lang='lat' dir='ltr'><strong>Agrippa,</strong></span> <span class='ocrx_word' id='word_1_346' title='bbox 1494 1062 1527 1091; x_wconf 81' lang='lat' dir='ltr'><strong>et</strong></span> <span class='ocrx_word' id='word_1_347' title='bbox 1544 1058 1689 1090; x_wconf 75' lang='lat' dir='ltr'><strong>Maximo</strong></span> <span class='ocrx_word' id='word_1_348' title='bbox 1713 1058 1824 1090; x_wconf 77' lang='lat' dir='ltr'><strong>Fabio.</strong></span> 
     </span>
     <span class='ocr_line' id='line_1_67' title="bbox 1114 1107 1826 1144; baseline -0.006 0"><span class='ocrx_word' id='word_1_349' title='bbox 1114 1112 1230 1144; x_wconf 86' lang='lat' dir='ltr'><strong>Notus</strong></span> <span class='ocrx_word' id='word_1_350' title='bbox 1244 1111 1300 1143; x_wconf 89' lang='lat' dir='ltr'><strong>vel</strong></span> <span class='ocrx_word' id='word_1_351' title='bbox 1315 1119 1335 1141; x_wconf 87' lang='lat' dir='ltr'><strong>e</strong></span> <span class='ocrx_word' id='word_1_352' title='bbox 1349 1110 1472 1143; x_wconf 77' lang='lat' dir='ltr'><strong>Tacito</strong></span> <span class='ocrx_word' id='word_1_353' title='bbox 1493 1113 1549 1142; x_wconf 87' lang='lat' dir='ltr'><strong>est</strong></span> <span class='ocrx_word' id='word_1_354' title='bbox 1569 1108 1697 1142; x_wconf 80' lang='lat' dir='ltr'><strong>Fabius</strong></span> <span class='ocrx_word' id='word_1_355' title='bbox 1711 1107 1826 1141; x_wconf 83' lang='lat' dir='ltr'><strong>Maxi·</strong></span> 
     </span>
     <span class='ocr_line' id='line_1_68' title="bbox 1113 1159 1825 1204; baseline -0.004 -10"><span class='ocrx_word' id='word_1_356' title='bbox 1113 1172 1200 1204; x_wconf 89' lang='lat' dir='ltr'><strong>mus,</strong></span> <span class='ocrx_word' id='word_1_357' title='bbox 1224 1163 1280 1204; x_wconf 87' lang='lat' dir='ltr'><strong>qui</strong></span> <span class='ocrx_word' id='word_1_358' title='bbox 1308 1162 1401 1194; x_wconf 91' lang='lat' dir='ltr'><strong>inter</strong></span> <span class='ocrx_word' id='word_1_359' title='bbox 1415 1160 1502 1193; x_wconf 84' lang='lat' dir='ltr'><strong>fidos</strong></span> <span class='ocrx_word' id='word_1_360' title='bbox 1517 1159 1668 1203; x_wconf 82' lang='lat' dir='ltr'><strong>Augusti</strong></span> <span class='ocrx_word' id='word_1_361' title='bbox 1683 1159 1825 1201; x_wconf 77' lang='lat' dir='ltr'><strong>amieos,</strong></span> 
     </span>
     <span class='ocr_line' id='line_1_69' title="bbox 1114 1209 1824 1253; baseline -0.007 -7"><span class='ocrx_word' id='word_1_362' title='bbox 1114 1218 1151 1246; x_wconf 86' lang='lat' dir='ltr'><strong>et</strong></span> <span class='ocrx_word' id='word_1_363' title='bbox 1176 1213 1331 1246; x_wconf 86' lang='lat' dir='ltr'><strong>conscios</strong></span> <span class='ocrx_word' id='word_1_364' title='bbox 1359 1220 1572 1246; x_wconf 84' lang='lat' dir='ltr'><strong>arcanorum.</strong></span> <span class='ocrx_word' id='word_1_365' title='bbox 1611 1209 1720 1253; x_wconf 87' lang='lat' dir='ltr'><strong>[Vide</strong></span> <span class='ocrx_word' id='word_1_366' title='bbox 1746 1219 1824 1242; x_wconf 87' lang='lat' dir='ltr'><strong>uos-</strong></span> 
     </span>
     <span class='ocr_line' id='line_1_70' title="bbox 1113 1260 1824 1304; baseline -0.007 -6"><span class='ocrx_word' id='word_1_367' title='bbox 1113 1269 1205 1298; x_wconf 84' lang='lat' dir='ltr'><strong>trum</strong></span> <span class='ocrx_word' id='word_1_368' title='bbox 1219 1265 1314 1298; x_wconf 90' lang='lat' dir='ltr'><strong>Com.</strong></span> <span class='ocrx_word' id='word_1_369' title='bbox 1329 1264 1389 1297; x_wconf 89' lang='lat' dir='ltr'><strong>lib.</strong></span> <span class='ocrx_word' id='word_1_370' title='bbox 1405 1273 1432 1297; x_wconf 85' lang='grc' dir='ltr'><strong>ι.</strong></span> <span class='ocrx_word' id='word_1_371' title='bbox 1453 1262 1540 1304; x_wconf 87' lang='grc' dir='ltr'><strong>Αιι.]</strong></span> <span class='ocrx_word' id='word_1_372' title='bbox 1574 1261 1626 1295; x_wconf 85' lang='lat' dir='ltr'><strong>At</strong></span> <span class='ocrx_word' id='word_1_373' title='bbox 1650 1261 1755 1302; x_wconf 87' lang='lat' dir='ltr'><strong>enim,</strong></span> <span class='ocrx_word' id='word_1_374' title='bbox 1773 1260 1824 1293; x_wconf 89' lang='lat' dir='ltr'><strong>iu-</strong></span> 
     </span>
     <span class='ocr_line' id='line_1_71' title="bbox 1108 1312 1824 1374; baseline -0.006 -25.954"><span class='ocrx_word' id='word_1_375' title='bbox 1108 1316 1211 1374; x_wconf 84' lang='lat' dir='ltr'><strong>quiet</strong></span> <span class='ocrx_word' id='word_1_376' title='bbox 1225 1316 1360 1358; x_wconf 82' lang='lat' dir='ltr'><strong>aliquis,</strong></span> <span class='ocrx_word' id='word_1_377' title='bbox 1374 1315 1432 1347; x_wconf 89' lang='lat' dir='ltr'><strong>ille</strong></span> <span class='ocrx_word' id='word_1_378' title='bbox 1448 1313 1594 1347; x_wconf 83' lang='lat' dir='ltr'><strong>nobilis:</strong></span> <span class='ocrx_word' id='word_1_379' title='bbox 1604 1313 1674 1345; x_wconf 83' lang='lat' dir='ltr'><strong>bic</strong></span> <span class='ocrx_word' id='word_1_380' title='bbox 1697 1312 1742 1344; x_wconf 88' lang='lat' dir='ltr'><strong>de</strong></span> <span class='ocrx_word' id='word_1_381' title='bbox 1765 1321 1824 1345; x_wconf 92' lang='lat' dir='ltr'><strong>no-</strong></span> 
     </span>
     <span class='ocr_line' id='line_1_72' title="bbox 1115 1363 1827 1406; baseline -0.004 -7"><span class='ocrx_word' id='word_1_382' title='bbox 1115 1367 1167 1399; x_wconf 85' lang='lat' dir='ltr'><strong>vis</strong></span> <span class='ocrx_word' id='word_1_383' title='bbox 1191 1366 1387 1399; x_wconf 87' lang='lat' dir='ltr'><strong>hominibus</strong></span> <span class='ocrx_word' id='word_1_384' title='bbox 1413 1374 1537 1398; x_wconf 83' lang='lat' dir='ltr'><strong>sermo.</strong></span> <span class='ocrx_word' id='word_1_385' title='bbox 1581 1363 1729 1397; x_wconf 82' lang='lat' dir='ltr'><strong>Ovidius</strong></span> <span class='ocrx_word' id='word_1_386' title='bbox 1751 1363 1827 1406; x_wconf 85' lang='lat' dir='ltr'><strong>qui-</strong></span> 
     </span>
     <span class='ocr_line' id='line_1_73' title="bbox 1115 1414 1823 1457; baseline -0.004 -7"><span class='ocrx_word' id='word_1_387' title='bbox 1115 1417 1207 1457; x_wconf 87' lang='lat' dir='ltr'><strong>dem,</strong></span> <span class='ocrx_word' id='word_1_388' title='bbox 1221 1417 1345 1457; x_wconf 85' lang='lat' dir='ltr'><strong>fateor,</strong></span> <span class='ocrx_word' id='word_1_389' title='bbox 1367 1417 1516 1449; x_wconf 87' lang='lat' dir='ltr'><strong>nobilem</strong></span> <span class='ocrx_word' id='word_1_390' title='bbox 1541 1425 1619 1448; x_wconf 87' lang='lat' dir='ltr'><strong>cum</strong></span> <span class='ocrx_word' id='word_1_391' title='bbox 1644 1414 1741 1457; x_wconf 84' lang='lat' dir='ltr'><strong>fecit,</strong></span> <span class='ocrx_word' id='word_1_392' title='bbox 1761 1414 1823 1447; x_wconf 86' lang='lat' dir='ltr'><strong>sed</strong></span> 
     </span>
     <span class='ocr_line' id='line_1_74' title="bbox 1113 1465 1824 1508; baseline -0.003 -8"><span class='ocrx_word' id='word_1_393' title='bbox 1113 1468 1232 1501; x_wconf 86' lang='lat' dir='ltr'><strong>nescio</strong></span> <span class='ocrx_word' id='word_1_394' title='bbox 1248 1477 1290 1500; x_wconf 80' lang='lat' dir='ltr'><strong>an</strong></span> <span class='ocrx_word' id='word_1_395' title='bbox 1311 1467 1478 1500; x_wconf 84' lang='lat' dir='ltr'><strong>historica</strong></span> <span class='ocrx_word' id='word_1_396' title='bbox 1499 1465 1589 1499; x_wconf 81' lang='lat' dir='ltr'><strong>fide:</strong></span> <span class='ocrx_word' id='word_1_397' title='bbox 1613 1475 1680 1499; x_wconf 88' lang='lat' dir='ltr'><strong>nec</strong></span> <span class='ocrx_word' id='word_1_398' title='bbox 1705 1470 1824 1508; x_wconf 87' lang='lat' dir='ltr'><strong>putem</strong></span> 
     </span>
     <span class='ocr_line' id='line_1_75' title="bbox 1113 1517 1823 1561; baseline -0.004 -9"><span class='ocrx_word' id='word_1_399' title='bbox 1113 1519 1220 1552; x_wconf 85' lang='lat' dir='ltr'><strong>fuisse</strong></span> <span class='ocrx_word' id='word_1_400' title='bbox 1246 1529 1266 1551; x_wconf 88' lang='lat' dir='ltr'><strong>e</strong></span> <span class='ocrx_word' id='word_1_401' title='bbox 1298 1519 1421 1561; x_wconf 86' lang='lat' dir='ltr'><strong>priscis</strong></span> <span class='ocrx_word' id='word_1_402' title='bbox 1450 1519 1517 1551; x_wconf 91' lang='lat' dir='ltr'><strong>illis</strong></span> <span class='ocrx_word' id='word_1_403' title='bbox 1544 1517 1677 1551; x_wconf 81' lang='lat' dir='ltr'><strong>Fabiis.</strong></span> <span class='ocrx_word' id='word_1_404' title='bbox 1733 1517 1823 1560; x_wconf 69' lang='lat' dir='ltr'><strong>Lips.</strong></span> 
     </span>
     <span class='ocr_line' id='line_1_76' title="bbox 1114 1568 1825 1612; baseline -0.007 -8"><span class='ocrx_word' id='word_1_405' title='bbox 1114 1571 1260 1604; x_wconf 73' lang='lat' dir='ltr'><strong>Maxime</strong></span> <span class='ocrx_word' id='word_1_406' title='bbox 1285 1571 1324 1602; x_wconf 81' lang='lat' dir='ltr'><strong>ab</strong></span> <span class='ocrx_word' id='word_1_407' title='bbox 1348 1569 1399 1611; x_wconf 86' lang='lat' dir='ltr'><strong>eo]</strong></span> <span class='ocrx_word' id='word_1_408' title='bbox 1422 1569 1557 1612; x_wconf 87' lang='lat' dir='ltr'><strong>Lipsius</strong></span> <span class='ocrx_word' id='word_1_409' title='bbox 1573 1568 1754 1601; x_wconf 75' lang='lat' dir='ltr'><strong>existimat</strong></span> <span class='ocrx_word' id='word_1_410' title='bbox 1776 1568 1825 1600; x_wconf 92' lang='lat' dir='ltr'><strong>le-</strong></span> 
     </span>
     <span class='ocr_line' id='line_1_77' title="bbox 1115 1618 1823 1664; baseline -0.004 -10"><span class='ocrx_word' id='word_1_411' title='bbox 1115 1622 1277 1664; x_wconf 83' lang='lat' dir='ltr'><strong>gendum,</strong></span> <span class='ocrx_word' id='word_1_412' title='bbox 1302 1621 1449 1654; x_wconf 75' lang='lat' dir='ltr'><strong>Maximo</strong></span> <span class='ocrx_word' id='word_1_413' title='bbox 1474 1619 1586 1654; x_wconf 73' lang='lat' dir='ltr'><strong>Fabio.</strong></span> <span class='ocrx_word' id='word_1_414' title='bbox 1643 1618 1823 1653; x_wconf 77' lang='lat' dir='ltr'><strong>Acidaiius</strong></span> 
     </span>
     <span class='ocr_line' id='line_1_78' title="bbox 1114 1669 1823 1715; baseline -0.006 -10"><span class='ocrx_word' id='word_1_415' title='bbox 1114 1673 1270 1715; x_wconf 83' lang='lat' dir='ltr'><strong>trajicit.</strong></span> <span class='ocrx_word' id='word_1_416' title='bbox 1293 1672 1441 1714; x_wconf 79' lang='lat' dir='ltr'><strong>Agrippa</strong></span> <span class='ocrx_word' id='word_1_417' title='bbox 1453 1670 1602 1710; x_wconf 77' lang='lat' dir='ltr'><strong>maxime,</strong></span> <span class='ocrx_word' id='word_1_418' title='bbox 1618 1673 1650 1703; x_wconf 78' lang='lat' dir='ltr'><strong>et</strong></span> <span class='ocrx_word' id='word_1_419' title='bbox 1663 1669 1703 1702; x_wconf 75' lang='lat' dir='ltr'><strong>ab</strong></span> <span class='ocrx_word' id='word_1_420' title='bbox 1717 1680 1752 1702; x_wconf 85' lang='lat' dir='ltr'><strong>eo</strong></span> <span class='ocrx_word' id='word_1_421' title='bbox 1773 1669 1823 1703; x_wconf 77' lang='lat' dir='ltr'><strong>Se.</strong></span> 
     </span>
     <span class='ocr_line' id='line_1_79' title="bbox 1116 1724 1392 1757; baseline -0.008 0"><span class='ocrx_word' id='word_1_422' title='bbox 1116 1725 1155 1757; x_wconf 91' lang='grc' dir='ltr'><strong>Τ.</strong></span> <span class='ocrx_word' id='word_1_423' title='bbox 1190 1724 1392 1757; x_wconf 87' lang='lat' dir='ltr'><strong>Boeclerus.</strong></span> 
     </span>
    </p>

    <p class='ocr_par' dir='ltr' id='par_1_7' title="bbox 1112 1774 1822 1861">
     <span class='ocr_line' id='line_1_80' title="bbox 1157 1774 1822 1816; baseline -0.006 -8"><span class='ocrx_word' id='word_1_424' title='bbox 1157 1774 1384 1816; x_wconf 79' lang='lat' dir='ltr'><strong>Eniterentur]</strong></span> <span class='ocrx_word' id='word_1_425' title='bbox 1410 1775 1472 1808; x_wconf 83' lang='lat' dir='ltr'><strong>Ex.</strong></span> <span class='ocrx_word' id='word_1_426' title='bbox 1494 1778 1566 1806; x_wconf 82' lang='lat' dir='ltr'><strong>vet.</strong></span> <span class='ocrx_word' id='word_1_427' title='bbox 1592 1776 1822 1805; x_wconf 68' lang='lat' dir='ltr'><strong>enumerentur.</strong></span> 
     </span>
     <span class='ocr_line' id='line_1_81' title="bbox 1112 1828 1309 1861; baseline -0.005 0"><span class='ocrx_word' id='word_1_428' title='bbox 1112 1828 1309 1861; x_wconf 88' lang='lat' dir='ltr'><strong>Burrerius.</strong></span> 
     </span>
    </p>

    <p class='ocr_par' dir='ltr' id='par_1_8' title="bbox 1110 1876 1825 2837">
     <span class='ocr_line' id='line_1_82' title="bbox 1158 1876 1825 1921; baseline -0.003 -10"><span class='ocrx_word' id='word_1_429' title='bbox 1158 1879 1269 1921; x_wconf 81' lang='lat' dir='ltr'><strong>Neque</strong></span> <span class='ocrx_word' id='word_1_430' title='bbox 1282 1880 1318 1911; x_wconf 78' lang='lat' dir='ltr'><strong>in</strong></span> <span class='ocrx_word' id='word_1_431' title='bbox 1331 1888 1428 1920; x_wconf 83' lang='lat' dir='ltr'><strong>parvo</strong></span> <span class='ocrx_word' id='word_1_432' title='bbox 1438 1876 1598 1920; x_wconf 78' lang='lat' dir='ltr'><strong>paucitas]</strong></span> <span class='ocrx_word' id='word_1_433' title='bbox 1611 1876 1733 1912; x_wconf 87' lang='lat' dir='ltr'><strong>Multis</strong></span> <span class='ocrx_word' id='word_1_434' title='bbox 1747 1885 1825 1919; x_wconf 83' lang='lat' dir='ltr'><strong>par-</strong></span> 
     </span>
     <span class='ocr_line' id='line_1_83' title="bbox 1113 1927 1824 1974; baseline -0.006 -10"><span class='ocrx_word' id='word_1_435' title='bbox 1113 1929 1206 1964; x_wconf 89' lang='lat' dir='ltr'><strong>tibus</strong></span> <span class='ocrx_word' id='word_1_436' title='bbox 1233 1931 1348 1974; x_wconf 86' lang='lat' dir='ltr'><strong>potius</strong></span> <span class='ocrx_word' id='word_1_437' title='bbox 1374 1934 1438 1972; x_wconf 85' lang='lat' dir='ltr'><strong>cst,</strong></span> <span class='ocrx_word' id='word_1_438' title='bbox 1466 1929 1594 1973; x_wconf 61' lang='lat' dir='ltr'><strong>afficit.-</strong></span> <span class='ocrx_word' id='word_1_439' title='bbox 1628 1927 1719 1972; x_wconf 85' lang='lat' dir='ltr'><strong>quod</strong></span> <span class='ocrx_word' id='word_1_440' title='bbox 1750 1933 1824 1961; x_wconf 73' lang='lat' dir='ltr'><strong>v‘er·</strong></span> 
     </span>
     <span class='ocr_line' id='line_1_84' title="bbox 1113 1979 1823 2024; baseline -0.007 -8"><span class='ocrx_word' id='word_1_441' title='bbox 1113 1983 1207 2024; x_wconf 89' lang='lat' dir='ltr'><strong>bum,</strong></span> <span class='ocrx_word' id='word_1_442' title='bbox 1224 1992 1269 2015; x_wconf 88' lang='lat' dir='ltr'><strong>ne</strong></span> <span class='ocrx_word' id='word_1_443' title='bbox 1283 1981 1431 2024; x_wconf 88' lang='lat' dir='ltr'><strong>mireris,</strong></span> <span class='ocrx_word' id='word_1_444' title='bbox 1453 1981 1569 2015; x_wconf 80' lang='lat' dir='ltr'><strong>active</strong></span> <span class='ocrx_word' id='word_1_445' title='bbox 1580 1999 1582 2002; x_wconf 92' lang='lat'><em>-</em></span> <span class='ocrx_word' id='word_1_446' title='bbox 1595 1979 1823 2023; x_wconf 81' lang='lat' dir='ltr'><strong>capiendum:</strong></span> 
     </span>
     <span class='ocr_line' id='line_1_85' title="bbox 1114 2031 1823 2076; baseline -0.006 -9"><span class='ocrx_word' id='word_1_447' title='bbox 1114 2038 1154 2067; x_wconf 92' lang='lat' dir='ltr'><strong>ut</strong></span> <span class='ocrx_word' id='word_1_448' title='bbox 1169 2034 1213 2066; x_wconf 88' lang='lat' dir='ltr'><strong>de</strong></span> <span class='ocrx_word' id='word_1_449' title='bbox 1227 2032 1366 2076; x_wconf 86' lang='lat' dir='ltr'><strong>Virgilii</strong></span> <span class='ocrx_word' id='word_1_450' title='bbox 1389 2033 1466 2066; x_wconf 89' lang='lat' dir='ltr'><strong>loco</strong></span> <span class='ocrx_word' id='word_1_451' title='bbox 1489 2031 1616 2074; x_wconf 79' lang='lat' dir='ltr'><strong>Georg.</strong></span> <span class='ocrx_word' id='word_1_452' title='bbox 1632 2040 1657 2064; x_wconf 83' lang='lat'><strong>1.</strong></span> <span class='ocrx_word' id='word_1_453' title='bbox 1678 2031 1690 2050; x_wconf 90' lang='lat'>‘</span> <span class='ocrx_word' id='word_1_454' title='bbox 1703 2031 1823 2063; x_wconf 76' lang='lat' dir='ltr'><strong>Prima</strong></span> 
     </span>
     <span class='ocr_line' id='line_1_86' title="bbox 1114 2084 1822 2129; baseline -0.006 -11"><span class='ocrx_word' id='word_1_455' title='bbox 1114 2085 1221 2118; x_wconf 85' lang='lat' dir='ltr'><strong>Ceres</strong></span> <span class='ocrx_word' id='word_1_456' title='bbox 1236 2084 1329 2117; x_wconf 89' lang='lat' dir='ltr'><strong>ferro</strong></span> <span class='ocrx_word' id='word_1_457' title='bbox 1353 2084 1519 2117; x_wconf 78' lang='lat' dir='ltr'><strong>mortales</strong></span> <span class='ocrx_word' id='word_1_458' title='bbox 1540 2087 1677 2115; x_wconf 84' lang='lat' dir='ltr'><strong>vertere</strong></span> <span class='ocrx_word' id='word_1_459' title='bbox 1691 2086 1822 2129; x_wconf 71' lang='lat' dir='ltr'><strong>terram</strong></span> 
     </span>
     <span class='ocr_line' id='line_1_87' title="bbox 1112 2133 1822 2177; baseline -0.008 -8"><span class='ocrx_word' id='word_1_460' title='bbox 1112 2136 1285 2177; x_wconf 82' lang='lat' dir='ltr'><strong>Instituit,</strong></span> <span class='ocrx_word' id='word_1_461' title='bbox 1310 2145 1388 2168; x_wconf 92' lang='lat' dir='ltr'><strong>cum</strong></span> <span class='ocrx_word' id='word_1_462' title='bbox 1395 2135 1470 2176; x_wconf 80' lang='lat' dir='ltr'><strong>jani</strong></span> <span class='ocrx_word' id='word_1_463' title='bbox 1492 2133 1634 2176; x_wconf 78' lang='lat' dir='ltr'><strong>glandes</strong></span> <span class='ocrx_word' id='word_1_464' title='bbox 1649 2137 1753 2176; x_wconf 73' lang='lat' dir='ltr'><strong>atque</strong></span> <span class='ocrx_word' id='word_1_465' title='bbox 1769 2141 1822 2164; x_wconf 87' lang='lat' dir='ltr'><strong>ar-</strong></span> 
     </span>
     <span class='ocr_line' id='line_1_88' title="bbox 1112 2182 1823 2226; baseline -0.008 -6"><span class='ocrx_word' id='word_1_466' title='bbox 1112 2188 1198 2220; x_wconf 84' lang='lat' dir='ltr'><strong>buta</strong></span> <span class='ocrx_word' id='word_1_467' title='bbox 1211 2195 1320 2219; x_wconf 84' lang='lat' dir='ltr'><strong>sacrae</strong></span> <span class='ocrx_word' id='word_1_468' title='bbox 1335 2185 1536 2218; x_wconf 87' lang='lat' dir='ltr'><strong>Deficereut</strong></span> <span class='ocrx_word' id='word_1_469' title='bbox 1559 2184 1680 2226; x_wconf 68' lang='lat' dir='ltr'><strong>sylvas,</strong></span> <span class='ocrx_word' id='word_1_470' title='bbox 1693 2186 1732 2215; x_wconf 85' lang='lat' dir='ltr'><strong>et</strong></span> <span class='ocrx_word' id='word_1_471' title='bbox 1755 2182 1823 2215; x_wconf 76' lang='lat' dir='ltr'><strong>vic-</strong></span> 
     </span>
     <span class='ocr_line' id='line_1_89' title="bbox 1111 2234 1823 2279; baseline -0.008 -8"><span class='ocrx_word' id='word_1_472' title='bbox 1111 2242 1186 2272; x_wconf 84' lang='lat' dir='ltr'><strong>tum</strong></span> <span class='ocrx_word' id='word_1_473' title='bbox 1198 2237 1345 2270; x_wconf 80' lang='lat' dir='ltr'><strong>Dodona</strong></span> <span class='ocrx_word' id='word_1_474' title='bbox 1357 2234 1525 2279; x_wconf 69' lang='lat' dir='ltr'><strong>negaret!</strong></span> <span class='ocrx_word' id='word_1_475' title='bbox 1549 2235 1612 2267; x_wconf 84' lang='lat' dir='ltr'><strong>Est</strong></span> <span class='ocrx_word' id='word_1_476' title='bbox 1621 2234 1712 2266; x_wconf 82' lang='lat' dir='ltr'><strong>enirn</strong></span> <span class='ocrx_word' id='word_1_477' title='bbox 1729 2238 1823 2266; x_wconf 85' lang='lat' dir='ltr'><strong>utro·</strong></span> 
     </span>
     <span class='ocr_line' id='line_1_90' title="bbox 1112 2284 1820 2332; baseline -0.007 -11"><span class='ocrx_word' id='word_1_478' title='bbox 1112 2289 1216 2332; x_wconf 87' lang='lat' dir='ltr'><strong>bique</strong></span> <span class='ocrx_word' id='word_1_479' title='bbox 1254 2288 1399 2332; x_wconf 57' lang='lat' dir='ltr'><strong>deficere,</strong></span> <span class='ocrx_word' id='word_1_480' title='bbox 1434 2296 1504 2319; x_wconf 87' lang='lat' dir='ltr'><strong>non</strong></span> <span class='ocrx_word' id='word_1_481' title='bbox 1540 2284 1712 2326; x_wconf 88' lang='lat' dir='ltr'><strong>sufficere,</strong></span> <span class='ocrx_word' id='word_1_482' title='bbox 1750 2293 1820 2316; x_wconf 91' lang='lat' dir='ltr'><strong>non</strong></span> 
     </span>
     <span class='ocr_line' id='line_1_91' title="bbox 1113 2336 1821 2382; baseline -0.007 -10"><span class='ocrx_word' id='word_1_483' title='bbox 1113 2339 1284 2382; x_wconf 76' lang='lat' dir='ltr'><strong>praebere.</strong></span> <span class='ocrx_word' id='word_1_484' title='bbox 1344 2338 1423 2371; x_wconf 82' lang='lat' dir='ltr'><strong>Hoc</strong></span> <span class='ocrx_word' id='word_1_485' title='bbox 1456 2343 1643 2380; x_wconf 82' lang='lat' dir='ltr'><strong>autequam</strong></span> <span class='ocrx_word' id='word_1_486' title='bbox 1669 2336 1746 2378; x_wconf 83' lang='lat' dir='ltr'><strong>ipse</strong></span> <span class='ocrx_word' id='word_1_487' title='bbox 1772 2336 1821 2368; x_wconf 91' lang='lat' dir='ltr'><strong>sic</strong></span> 
     </span>
     <span class='ocr_line' id='line_1_92' title="bbox 1113 2387 1823 2433; baseline -0.01 -9"><span class='ocrx_word' id='word_1_488' title='bbox 1113 2391 1321 2433; x_wconf 74' lang='lat' dir='ltr'><strong>acciperem,</strong></span> <span class='ocrx_word' id='word_1_489' title='bbox 1335 2393 1468 2422; x_wconf 87' lang='lat' dir='ltr'><strong>mutare</strong></span> <span class='ocrx_word' id='word_1_490' title='bbox 1484 2397 1558 2420; x_wconf 84' lang='lat' dir='ltr'><strong>sum</strong></span> <span class='ocrx_word' id='word_1_491' title='bbox 1580 2387 1744 2419; x_wconf 76' lang='lat' dir='ltr'><strong>adortus:</strong></span> <span class='ocrx_word' id='word_1_492' title='bbox 1769 2396 1823 2418; x_wconf 77' lang='lat' dir='ltr'><strong>ne·</strong></span> 
     </span>
     <span class='ocr_line' id='line_1_93' title="bbox 1111 2436 1821 2484; baseline -0.008 -10"><span class='ocrx_word' id='word_1_493' title='bbox 1111 2451 1169 2484; x_wconf 77' lang='lat' dir='ltr'><strong>que</strong></span> <span class='ocrx_word' id='word_1_494' title='bbox 1180 2441 1215 2474; x_wconf 76' lang='lat' dir='ltr'><strong>in</strong></span> <span class='ocrx_word' id='word_1_495' title='bbox 1226 2451 1324 2483; x_wconf 78' lang='lat' dir='ltr'><strong>parvo</strong></span> <span class='ocrx_word' id='word_1_496' title='bbox 1343 2439 1487 2482; x_wconf 71' lang='lat' dir='ltr'><strong>parvitas</strong></span> <span class='ocrx_word' id='word_1_497' title='bbox 1513 2437 1689 2470; x_wconf 76' lang='lat' dir='ltr'><strong>ministerio</strong></span> <span class='ocrx_word' id='word_1_498' title='bbox 1700 2436 1821 2480; x_wconf 61' lang='lat' dir='ltr'><strong>elficit.</strong></span> 
     </span>
     <span class='ocr_line' id='line_1_94' title="bbox 1112 2486 1822 2532; baseline -0.008 -7"><span class='ocrx_word' id='word_1_499' title='bbox 1112 2491 1293 2527; x_wconf 83' lang='lat' dir='ltr'><strong>Quomodo</strong></span> <span class='ocrx_word' id='word_1_500' title='bbox 1314 2495 1406 2524; x_wconf 86' lang='lat' dir='ltr'><strong>esset</strong></span> <span class='ocrx_word' id='word_1_501' title='bbox 1428 2486 1740 2532; x_wconf 67' lang='lat' dir='ltr'><strong>interpretandum,</strong></span> <span class='ocrx_word' id='word_1_502' title='bbox 1762 2486 1822 2520; x_wconf 84' lang='lat' dir='ltr'><strong>de·</strong></span> 
     </span>
     <span class='ocr_line' id='line_1_95' title="bbox 1111 2540 1821 2583; baseline -0.007 -8"><span class='ocrx_word' id='word_1_503' title='bbox 1111 2541 1239 2575; x_wconf 85' lang='lat' dir='ltr'><strong>ficitur.</strong></span> <span class='ocrx_word' id='word_1_504' title='bbox 1262 2542 1391 2575; x_wconf 80' lang='lat' dir='ltr'><strong>Acidal.</strong></span> <span class='ocrx_word' id='word_1_505' title='bbox 1436 2541 1548 2583; x_wconf 76' lang='lat' dir='ltr'><strong>Neque</strong></span> <span class='ocrx_word' id='word_1_506' title='bbox 1568 2540 1605 2572; x_wconf 78' lang='lat' dir='ltr'><strong>in</strong></span> <span class='ocrx_word' id='word_1_507' title='bbox 1623 2547 1722 2580; x_wconf 75' lang='lat' dir='ltr'><strong>paruo</strong></span> <span class='ocrx_word' id='word_1_508' title='bbox 1742 2547 1821 2580; x_wconf 60' lang='lat' dir='ltr'><strong>puna</strong></span> 
     </span>
     <span class='ocr_line' id='line_1_96' title="bbox 1111 2589 1819 2635; baseline -0.007 -9"><span class='ocrx_word' id='word_1_509' title='bbox 1111 2593 1209 2635; x_wconf 74' lang='lat' dir='ltr'><strong>citus]</strong></span> <span class='ocrx_word' id='word_1_510' title='bbox 1233 2593 1388 2635; x_wconf 82' lang='lat' dir='ltr'><strong>Ingenue</strong></span> <span class='ocrx_word' id='word_1_511' title='bbox 1403 2592 1532 2632; x_wconf 77' lang='lat' dir='ltr'><strong>fateor,</strong></span> <span class='ocrx_word' id='word_1_512' title='bbox 1555 2589 1641 2623; x_wconf 84' lang='lat' dir='ltr'><strong>nibil</strong></span> <span class='ocrx_word' id='word_1_513' title='bbox 1658 2589 1819 2622; x_wconf 87' lang='lat' dir='ltr'><strong>idoneum</strong></span> 
     </span>
     <span class='ocr_line' id='line_1_97' title="bbox 1112 2640 1819 2686; baseline -0.007 -9"><span class='ocrx_word' id='word_1_514' title='bbox 1112 2648 1151 2677; x_wconf 88' lang='lat' dir='ltr'><strong>et</strong></span> <span class='ocrx_word' id='word_1_515' title='bbox 1178 2644 1316 2677; x_wconf 85' lang='lat' dir='ltr'><strong>Velleio</strong></span> <span class='ocrx_word' id='word_1_516' title='bbox 1341 2643 1484 2686; x_wconf 87' lang='lat' dir='ltr'><strong>dignum</strong></span> <span class='ocrx_word' id='word_1_517' title='bbox 1512 2642 1593 2674; x_wconf 87' lang='lat' dir='ltr'><strong>binc</strong></span> <span class='ocrx_word' id='word_1_518' title='bbox 1622 2649 1679 2673; x_wconf 86' lang='lat' dir='ltr'><strong>me</strong></span> <span class='ocrx_word' id='word_1_519' title='bbox 1692 2640 1819 2673; x_wconf 86' lang='lat' dir='ltr'><strong>elicere</strong></span> 
     </span>
     <span class='ocr_line' id='line_1_98' title="bbox 1111 2690 1821 2737; baseline -0.008 -9"><span class='ocrx_word' id='word_1_520' title='bbox 1111 2704 1221 2737; x_wconf 82' lang='lat' dir='ltr'><strong>posse.</strong></span> <span class='ocrx_word' id='word_1_521' title='bbox 1265 2695 1372 2727; x_wconf 82' lang='lat' dir='ltr'><strong>Forte</strong></span> <span class='ocrx_word' id='word_1_522' title='bbox 1387 2693 1431 2726; x_wconf 83' lang='lat' dir='ltr'><strong>ab</strong></span> <span class='ocrx_word' id='word_1_523' title='bbox 1445 2693 1567 2735; x_wconf 85' lang='lat' dir='ltr'><strong>inepta</strong></span> <span class='ocrx_word' id='word_1_524' title='bbox 1581 2695 1618 2724; x_wconf 89' lang='lat' dir='ltr'><strong>et</strong></span> <span class='ocrx_word' id='word_1_525' title='bbox 1638 2690 1821 2733; x_wconf 82' lang='lat' dir='ltr'><strong>marginali</strong></span> 
     </span>
     <span class='ocr_line' id='line_1_99' title="bbox 1112 2742 1820 2788; baseline -0.007 -10"><span class='ocrx_word' id='word_1_526' title='bbox 1112 2746 1226 2788; x_wconf 84' lang='lat' dir='ltr'><strong>glossa</strong></span> <span class='ocrx_word' id='word_1_527' title='bbox 1240 2745 1274 2777; x_wconf 89' lang='lat' dir='ltr'><strong>in</strong></span> <span class='ocrx_word' id='word_1_528' title='bbox 1291 2748 1425 2777; x_wconf 81' lang='lat' dir='ltr'><strong>textum</strong></span> <span class='ocrx_word' id='word_1_529' title='bbox 1451 2743 1699 2784; x_wconf 75' lang='lat' dir='ltr'><strong>immigrarunt.</strong></span> <span class='ocrx_word' id='word_1_530' title='bbox 1736 2742 1820 2774; x_wconf 83' lang='lat' dir='ltr'><strong>Boe-</strong></span> 
     </span>
     <span class='ocr_line' id='line_1_100' title="bbox 1110 2793 1819 2837; baseline -0.004 -10"><span class='ocrx_word' id='word_1_531' title='bbox 1110 2797 1184 2829; x_wconf 77' lang='lat' dir='ltr'><strong>cler.</strong></span> <span class='ocrx_word' id='word_1_532' title='bbox 1220 2795 1365 2837; x_wconf 86' lang='lat' dir='ltr'><strong>[Forsan</strong></span> <span class='ocrx_word' id='word_1_533' title='bbox 1407 2793 1601 2836; x_wconf 85' lang='lat' dir='ltr'><strong>legendum,</strong></span> <span class='ocrx_word' id='word_1_534' title='bbox 1648 2793 1757 2834; x_wconf 74' lang='lat' dir='ltr'><strong>Neque</strong></span> <span class='ocrx_word' id='word_1_535' title='bbox 1784 2793 1819 2824; x_wconf 76' lang='lat' dir='ltr'><strong>in</strong></span> 
     </span>
    </p>
   </div>
   <div class='ocr_carea' id='block_1_5' title="bbox 354 2839 1688 2889">
    <p class='ocr_par' dir='ltr' id='par_1_9' title="bbox 354 2839 1688 2889">
     <span class='ocr_line' id='line_1_101' title="bbox 354 2839 1688 2889; baseline 0.004 -19"><span class='ocrx_word' id='word_1_536' title='bbox 354 2839 482 2880; x_wconf 77' lang='lat' dir='ltr'><strong>passim</strong></span> <span class='ocrx_word' id='word_1_537' title='bbox 506 2847 737 2883; x_wconf 79' lang='lat' dir='ltr'><strong>suggeruntur</strong></span> <span class='ocrx_word' id='word_1_538' title='bbox 756 2843 977 2888; x_wconf 81' lang='lat' dir='ltr'><strong>Principibus</strong></span> <span class='ocrx_word' id='word_1_539' title='bbox 1007 2855 1060 2878; x_wconf 84' lang='lat' dir='ltr'><strong>ar·</strong></span> <span class='ocrx_word' id='word_1_540' title='bbox 1107 2857 1205 2889; x_wconf 77' lang='lat' dir='ltr'><strong>parvo</strong></span> <span class='ocrx_word' id='word_1_541' title='bbox 1218 2847 1363 2889; x_wconf 76' lang='lat' dir='ltr'><strong>paucitas</strong></span> <span class='ocrx_word' id='word_1_542' title='bbox 1374 2845 1542 2878; x_wconf 71' lang='lat' dir='ltr'><strong>ministerii</strong></span> <span class='ocrx_word' id='word_1_543' title='bbox 1557 2842 1688 2887; x_wconf 54' lang='lat' dir='ltr'><strong>deficit]</strong></span> 
     </span>
    </p>
   </div>
   <div class='ocr_carea' id='block_1_6' title="bbox 1947 0 2008 1484">
    <p class='ocr_par' dir='ltr' id='par_1_10' title="bbox 1947 0 2008 1484">
     <span class='ocr_line' id='line_1_102' title="bbox 1947 0 2008 1484; baseline 0 0"><span class='ocrx_word' id='word_1_544' title='bbox 1947 0 2008 1484; x_wconf 95' lang='lat' dir='ltr'><strong> </strong></span> 
     </span>
    </p>
   </div>
  </div>
 </body>
</html>
