2008 3210
902 410 966 444 DE

284 574 285 577 '
331 577 413 640 C.
472 572 891 637 VELLEII
946 569 1538 638 PATERCULI

394 754 588 797 conici-2,
609 750 951 792 Em'rlomnus,
973 748 1380 789 INTERPRETIBUS,
1404 749 1463 783 m·

715 813 1152 850 EMENDATORIBUS.

732 956 1128 984 W

194 1105 272 1158 [Ex
297 1106 346 1151 J..
365 1106 413 1147 C.
441 1106 494 1145 H.
529 1104 685 1145 Krausii
716 1104 1006 1158 Prolegomenis
1036 1103 1087 1143 ad
1120 1102 1197 1143 Ed.
1229 1101 1364 1142 Velleii
1395 1102 1490 1142 min.
1524 1101 1563 1141 in
1594 1100 1673 1143 Ed.

669 1180 831 1233 Bipont.
864 1186 985 1222 18111.
1013 1178 1198 1230 recusis.]

193 1289 458 1352 Vri-mutu
491 1304 682 1351 librorum
711 1324 734 1351 e
762 1311 966 1365 naufragio
998 1324 1099 1351 unus
1128 1315 1280 1350 tantum
1300 1306 1438 1348 Velleii
1469 1304 1675 1353 codicum,

193 1386 358 1427 qnorum
374 1376 426 1416 ab
450 1375 576 1423 initio,
596 1383 640 1416 ut
660 1376 842 1426 vidimus,
862 1387 1003 1430 magna
1034 1376 1216 1429 paucitas
1236 1379 1335 1420 erat,
1368 1372 1536 1412 sortunae
1556 1371 1674 1411 bene·

191 1438 287 1480 ficio
305 1445 481 1480 servatus
498 1434 589 1480 est(
626 1440 745 1482 Hunc
776 1442 926 1495 primus
948 1440 1100 1481 invenit
1118 1441 1263 1479 Beatus
1293 1437 1520 1484 Rhenanus,
1549 1434 1684 1478 Selesae

189 1503 391 1553 tadiensis,
411 1505 483 1552 vir,
515 1504 591 1544 sub
610 1506 895 1547 renascentium
925 1506 964 1546 in
995 1503 1213 1546 Germania
1244 1502 1443 1542 literarum
1474 1507 1671 1552 tempora,

190 1568 424 1616 eruditione,
439 1567 658 1621 diligentia,
677 1576 720 1610 et
736 1569 818 1611 fide
830 1571 1073 1624 praecipuus,
1092 1575 1133 1610 et
1153 1573 1327 1609 veterum
1345 1565 1454 1606 libris
1469 1563 1672 1618 proferen-

189 1632 254 1673 dis
283 1639 325 1672 et
343 1631 597 1673 emendandis
625 1632 730 1673 haud
763 1634 913 1675 infelix.
970 1633 1140 1675 Latebat
1165 1631 1314 1681 Veneti,
1332 1643 1435 1684 opus
1460 1642 1586 1682 usque
1617 1627 1672 1668 ad

188 1709 335 1737 annum
358 1703 476 1739 1515.
503 1699 542 1738 in
562 1698 709 1750 pluteis
730 1699 992 1741 Bibliotheca:
1011 1697 1188 1740 coenobii
1197 1694 1541 1738 Benedictinorum
1559 1694 1671 1734 Mur-

188 1762 381 1812 bacensis,
412 1762 454 1802 in
474 1762 666 1816 superiori
685 1763 837 1804 Alsatia
870 1763 946 1804 siti.
1004 1763 1155 1804 Praeter
1184 1763 1291 1802 hunc
1321 1759 1505 1801 codicem
1536 1757 1671 1798 nullus

100 1860 106 1865 .
189 1827 290 1868 alius
317 1833 497 1881 repertus
517 1835 591 1868 est.
647 1827 754 1869 Nam
773 1842 903 1882 neque
935 1826 1244 1868 Mediolanensis
1274 1825 1353 1874 ille,
1380 1824 1498 1876 quus
1517 1823 1674 1863 nancis-

96 1896 100 1898 ’
189 1891 305 1933 cendi
326 1905 435 1946 spem
451 1894 602 1945 Georg.
623 1893 780 1933 Merula
798 1893 992 1934 Rhenano
1011 1897 1201 1939 moverat,
1220 1902 1348 1943 neque
1367 1889 1413 1935 is,
1433 1901 1550 1941 quem
1571 1887 1674 1928 Lab·

102 1963 119 1968 ”
191 1957 291 1998 bens
308 1957 500 1998 Biblioth.
530 1958 636 1998 Nov.
658 1957 763 1998 Mas.
781 1957 820 1998 in
851 1957 1095 1999 bibliotheca
1114 1955 1304 2010 quadam,
1334 1954 1436 1994 libro
1455 1953 1578 2007 priori
1615 1952 1674 1992 in·

189 2014 315 2075 tegre.
334 2020 535 2063 inventum
555 2028 761 2070 memorat,
780 2035 957 2075 unquam
977 2021 1018 2061 in
1031 2021 1172 2061 ‘lucem
1192 2019 1383 2073 protracti
1401 2025 1507 2059 sunt.

243 2087 348 2133 Quae
365 2086 546 2127 codicum
568 2086 705 2134 Velleii
720 2086 885 2139 Jactura
904 2086 943 2126 in
963 2091 1116 2126 tantum
1134 2084 1307 2125 dolenda
1324 2089 1399 2132 est,
1421 2083 1460 2122 in
1480 2087 1670 2135 quantum

190 2152 462 2193 Murbacensis
480 2153 556 2192 iste
586 2151 688 2192 liber
714 2151 937 2192 mutilatum
969 2155 1012 2191 et
1040 2150 1299 2203 depravatum
1329 2147 1520 2188 Velleium
1554 2147 1670 2188 nobis

189 2215 366 2258 tradidit.
421 2217 524 2258 Nam
545 2217 598 2257 ab
617 2216 726 2257 initio
751 2223 794 2257 et
823 2215 902 2256 fine
923 2215 1083 2256 mutilus
1102 2221 1213 2262 eratg
1248 2214 1288 2253 in
1321 2213 1462 2253 medio.
1482 2212 1676 2265 plurimas

189 2281 365 2322 babebat
393 2281 571 2331 honnus,
603 2282 720 2335 longe
750 2282 959 2322 maximam
980 2280 1081 2321 libro
1114 2290 1148 2320 ι.
1176 2277 1334 2325 medi0;
1364 2275 1678 2330 foedissimisque

187 2346 288 2386 vitiis
318 2359 368 2387 ac
389 2346 622 2401 corruptelis
640 2345 834 2387 scatebat.
892 2344 1079 2386 incidisse
1097 2343 1201 2385 enim
1234 2342 1388 2383 videtur
1405 2342 1445 2381 in
1466 2341 1673 2382 hominum

187 2411 473 2452 incuriosorum
492 2418 533 2452 et
552 2410 766 2452 insciorum
786 2422 939 2458 manus,
959 2409 1028 2463 qui
1047 2409 1110 2449 vel
1131 2421 1155 2448 a
1174 2406 1254 2448 situ
1274 2419 1365 2447 eum
1385 2419 1465 2446 uon
1484 2405 1678 2446 defende-1

186 2483 284 2524 rent,
304 2475 365 2515 vel
383 2475 477 2516 folia
496 2475 680 2529 quedam
712 2489 737 2516 a
754 2476 884 2518 fronte
903 2482 945 2516 et
972 2488 995 2515 e
1013 2473 1160 2522 medio,
1196 2473 1331 2513 nescio
1363 2484 1465 2525 quos
1496 2471 1537 2511 in
1558 2484 1669 2520 usus,

184 2546 430 2581 enecarent.
466 2539 661 2580 Praeterea
678 2539 757 2579 alia
772 2539 942 2580 accessit
955 2538 1137 2592 improba
1154 2550 1308 2585 manus,
1323 2550 1414 2590 quae
1429 2537 1538 2577 velut
1548 2548 1671 2576 mem-

188 2606 348 2646 branam
367 2610 581 2652 tentatura,
611 2617 675 2652 an,
699 2603 821 2645 literis
839 2604 1062 2659 expunctis,
1081 2602 1325 2656 superscribi
1344 2608 1496 2655 posset,
1531 2602 1571 2642 in
1590 2600 1677 2642 fine*

186 2669 372 2712 nonnulla
402 2670 531 2710 erasit.
588 2669 821 2710 Lacunosus
852 2669 972 2709 etiam
1000 2675 1087 2709 erat
1117 2674 1200 2708 tam
1235 2667 1515 2708 versiculorum
1548 2678 1669 2719 quam

186 2734 393 2776 verborum
426 2733 704 2775 omissionibus
736 2733 963 2787 frequenter
991 2733 1135 2781 obviis,
1184 2745 1276 2786 quoe
1308 2733 1371 2772 vel
1404 2731 1667 2780 librariorum,

185 2801 269 2840 sive
302 2799 586 2841 Murbacensia
620 2800 702 2840 sive
739 2798 1023 2852 antiquiorum,
1062 2796 1323 2852 negligentiae,
1357 2797 1419 2838 vel
1449 2796 1672 2838 eorundem

279 2863 396 2907 Delph.
409 2869 440 2898 et
460 2864 537 2897 Ver.
551 2865 639 2898 Clas.
881 2863 1010 2898 Patere.
1456 2865 1477 2895 2
1501 2862 1535 2895 H
