2002 3250
570 257 636 289 DE
669 255 851 289 opums
884 256 1092 288 vssnnnu
1127 257 1337 290 lunone.
1642 248 1700 293 21

210 354 327 398 nitas
345 354 584 407 orationis,
597 355 982 410 membrorumque
1003 355 1307 410 congruentia,
1330 354 1453 410 quod
1475 359 1612 409 genus
1632 360 1702 398 est

210 424 450 467 ornamenti
484 424 741 476 oratorium,
770 425 935 480 cuique
955 425 1177 468 naturalis
1198 437 1350 467 comes
1380 428 1447 466 est
1475 424 1700 466 oratorius

209 505 432 544 numerus,
469 506 498 535 a
528 491 723 544 Velleio,
765 494 813 535 in
853 483 1088 537 sententiis
1125 494 1446 549 antithetisque
1485 493 1699 546 maxime,

208 562 462 613 observata,
483 575 602 604 verae
621 562 665 604 ei
683 562 808 604 laudi
829 562 1015 605 ducitur.

266 631 526 674 Dictionem
547 634 767 686 praeterea
797 634 994 674 sectatur
1013 631 1233 684 Velleius,
1253 644 1341 673 non
1362 632 1508 674 solum
1528 631 1698 686 gravis·

208 699 384 752 simam,
418 699 498 743 sed
531 714 710 756 quoque
744 701 1037 756 exquisitam,
1075 714 1104 742 a
1123 700 1298 754 vulgari
1318 700 1617 752 recedentem,
1650 705 1697 743 et

206 770 442 813 insolentia
462 783 520 812 ac
539 769 743 812 novitate
763 769 953 811 lectores
975 768 1254 820 afficientem,
1275 781 1413 824 quam
1434 774 1480 811 et
1499 774 1698 812 oratores

206 838 284 880 vel
303 838 575 890 delectandi,
591 838 664 880 vel
685 837 823 880 animi
846 851 1009 880 sensus
1026 838 1203 893 plenius
1217 841 1262 880 et
1278 838 1435 880 fortius
1448 839 1702 894 exprimen-

206 906 252 949 di
271 908 431 963 gratia,
453 911 677 964 quaerunt.
739 906 890 959 Quasi
909 908 1028 950 enim
1047 907 1243 962 vulgaris
1259 907 1400 950 dictio
1415 908 1562 963 impar
1575 911 1699 950 esset

204 977 497 1031 magnitudini
520 990 729 1020 sensuum
751 981 885 1032 atque
906 977 1214 1028 vehementiae,
1239 977 1310 1019 vel
1329 990 1449 1019 nova
1470 977 1698 1020 vocabula

204 1050 253 1088 et
287 1045 462 1088 dicendi
493 1046 707 1089 formulas
736 1047 924 1100 invenit,
957 1060 1002 1089 v.
1024 1060 1066 1089 c.
1089 1058 1122 1090 ι.
1142 1046 1185 1089 6.
1219 1058 1275 1089 ιι.
1297 1047 1370 1090 35.
1393 1046 1467 1089 64.
1511 1046 1586 1088 vel
1613 1046 1698 1088 fre-

204 1112 464 1169 quentativa
479 1115 620 1157 verba
639 1115 856 1170 praetulit,
869 1115 941 1158 vel
961 1115 1020 1157 ad
1041 1114 1271 1171 poeticam
1285 1114 1466 1157 dicendi
1481 1115 1696 1156 rationem

202 1182 425 1226 ascendit.
491 1182 553 1225 V.
576 1196 615 1225 c.
641 1194 675 1225 1.
697 1183 770 1226 16.
793 1183 865 1226 18.
911 1195 966 1227 11.
989 1185 1034 1225 4.
1055 1184 1128 1226 21.
1150 1184 1223 1225 59.
1243 1183 1317 1226 66.
1335 1183 1409 1226 69.
1441 1187 1556 1225 extr.
1632 1182 1697 1226 Ut

200 1263 305 1293 vero
326 1251 539 1294 dictionis
560 1252 797 1294 insolentia
816 1252 1013 1294 suaviter
1033 1251 1229 1294 afficeret
1257 1253 1462 1304 lectores,
1483 1252 1560 1307 qui
1580 1265 1697 1295 nove

201 1316 324 1363 dicta
349 1323 444 1362 tum
464 1321 580 1363 forte
602 1321 836 1382 amabant,
859 1321 1064 1376 captavit
1084 1321 1155 1363 vel
1173 1321 1398 1363 vocabula
1421 1334 1511 1362 non
1538 1320 1694 1364 admo-

202 1388 309 1432 dum
328 1389 624 1446 srequentata,
644 1388 756 1431 adeo
777 1389 1049 1445 antiquiores
1071 1388 1262 1431 aliorum
1281 1389 1466 1441 formas,
1496 1390 1569 1432 vel
1587 1390 1694 1432 rari-

200 1471 300 1501 ores
319 1471 402 1501 nec
423 1460 559 1514 vulgo
579 1459 740 1501 obvias
763 1457 1133 1513 significationes,
1147 1458 1222 1502 vel
1243 1459 1572 1501 insolentiorem
1592 1472 1693 1502 ver-

198 1527 357 1570 borum
378 1529 451 1571 vel
465 1522 758 1583 cogitatione,
773 1527 844 1570 vel
860 1528 1155 1582 grammatica
1173 1529 1349 1573 ratione
1363 1527 1693 1583 jungendorum

197 1594 393 1639 inodum.
463 1591 628 1652 Neque
662 1601 893 1640 contentus
924 1598 970 1639 in
1004 1598 1223 1640 sermonis
1258 1597 1456 1641 Romani
1489 1598 1692 1652 vestigiis

199 1665 431 1718 institisse,
452 1667 500 1708 in
520 1666 790 1709 Graecorum
820 1680 1004 1722 quoque
1026 1667 1243 1711 ditionem
1264 1671 1483 1722 evagatus
1511 1671 1595 1719 est,
1613 1667 1691 1709 de-

200 1747 389 1790 cerpens
410 1735 513 1777 inde
532 1749 622 1778 non
644 1737 791 1779 solum
807 1737 1036 1779 nominum
1049 1737 1334 1792 propriorum
1349 1736 1531 1788 formas,
1547 1737 1690 1792 scrip-

198 1807 358 1855 turam,
375 1809 417 1847 et
434 1805 693 1858 flexionem,
712 1805 793 1849 sed
807 1806 943 1848 etiam
956 1806 1172 1862 loquendi
1186 1809 1231 1848 et
1243 1805 1532 1848 construendi
1550 1807 1690 1849 verba

196 1872 393 1917 rationes
415 1874 606 1920 Graecas
626 1875 857 1919 affectans.
918 1875 1056 1928 Quod
1087 1880 1236 1918 tamen
1255 1888 1349 1918 non
1369 1875 1465 1917 sine
1484 1875 1690 1931 priorum

197 1944 432 2004 exemplis,
453 1944 535 1987 sed
554 1945 739 1988 nimium
759 1945 904 2000 magis
924 1945 1198 1996 caventium,
1219 1944 1340 1987 fecit.

254 2010 524 2068 Quanquam
547 2014 737 2055 oratoris
758 2016 845 2066 est,
866 2027 950 2069 pro
971 2026 1187 2056 sensuum
1201 2018 1248 2055 et
1267 2013 1510 2056 affectuum
1529 2013 1684 2066 modo,

194 2079 267 2122 vel
300 2081 563 2124 brevitatem
594 2082 667 2124 vel
699 2082 880 2137 copiam
908 2082 1089 2125 dicendi
1120 2082 1344 2134 adhibere,
1374 2096 1543 2139 easque
1575 2082 1686 2126 Vel-

193 2148 332 2192 leium
372 2163 552 2206 quoque
591 2152 640 2193 in
681 2165 814 2207 opere
866 2152 1210 2204 commiscuisse
1261 2151 1486 2205 diximus3
1538 2152 1685 2207 magis

193 2221 340 2260 tamen
359 2219 493 2263 breve
513 2220 689 2263 dicendi
710 2234 850 2276 genus
870 2222 913 2264 ei
933 2221 1124 2277 placuit,
1138 2233 1219 2263 seu
1236 2219 1522 2263 festinatione
1539 2225 1586 2263 et
1603 2234 1684 2264 ve-

192 2286 378 2331 locitate
399 2290 687 2344 cogitationis
709 2290 767 2333 ad
789 2289 1182 2346 constringendam
1202 2290 1449 2333 orationem
1470 2290 1680 2342 adactus,

191 2364 276 2398 seu
297 2356 501 2401 Sallustii
521 2359 743 2415 exemplo,
761 2372 893 2415 quem
913 2372 1068 2402 omnes
1093 2358 1327 2401 historiam
1346 2359 1682 2402 conscribentes

192 2437 221 2468 a
238 2424 416 2469 Velleio
450 2427 553 2470 inde
581 2428 790 2471 admirari
822 2432 867 2472 et
897 2429 1147 2486 exprimere
1167 2433 1422 2485 coeperunt,
1448 2429 1681 2472 invitatuS.

192 2492 351 2538 Oratio
373 2497 488 2539 enim
508 2498 607 2554 ejus
627 2498 692 2541 ita
719 2511 860 2554 parca
880 2502 952 2541 est
982 2503 1124 2554 atque
1146 2499 1348 2551 concisa,
1379 2503 1431 2541 ut
1449 2499 1531 2541 vix
1551 2499 1681 2542 salvo

190 2575 326 2607 sensu
344 2565 462 2609 demi
483 2567 655 2623 aliquid
675 2569 825 2613 verbis
844 2569 1007 2625 possit.
1068 2567 1239 2611 Contra
1257 2568 1473 2625 quicquid
1506 2568 1681 2624 incolu-

189 2633 251 2675 mi
271 2632 492 2679 sententia
509 2637 642 2680 facile
659 2638 820 2681 abesse
840 2641 1036 2695 poterat,
1057 2638 1130 2680 vel
1150 2637 1366 2694 quicquid
1382 2651 1409 2680 a
1427 2638 1595 2680 lectore
1615 2638 1682 2680 in·-

189 2701 410 2758 telligente
429 2708 473 2748 et
498 2705 634 2750 docto
655 2706 866 2752 facillime
886 2711 1062 2764 poterat
1086 2712 1236 2751 mente
1256 2707 1473 2762 suppleri,
1502 2705 1549 2749 id
1569 2706 1679 2750 rele-

190 2771 315 2825 gavit
333 2773 392 2816 ab
411 2775 639 2833 oratione3
656 2781 715 2829 et,
731 2782 946 2834 quantum
959 2791 1041 2835 pro
1062 2777 1262 2821 Romani
1282 2775 1514 2828 sermonis,
1527 2777 1677 2819 maxi-

188 2851 262 2883 me
281 2838 446 2887 Graeca
474 2842 543 2902 (v.
563 2859 603 2893 c.
635 2847 683 2893 in
704 2845 934 2906 frequente
968 2846 1263 2903 genitivorum
1296 2843 1409 2903 usu)
1441 2845 1677 2899 imitantis,
