2008 3210
506 206 758 239 ms‘romAE
792 204 1016 237 ROMANAE
1051 204 1148 236 ms.
1183 203 1233 236 11.
1265 192 1337 235 12.
1573 190 1660 234 319

178 303 261 336 tatis
277 302 313 336 iu
328 301 503 343 Marium?
527 310 731 344 rursumque
761 300 893 333 ‘Marii

178 354 397 388 vehementia
424 353 606 388 adversum
630 350 801 393 Nobiles,'
825 351 892 384 ori-

177 407 290 449 ginem
301 405 441 440 babere.
462 405 609 438 Boecler.
690 436 694 439 a

225 455 430 499 Triumphum]
456 456 548 489 Vide
562 455 681 498 Sigon.
698 455 894 487 Comment-

178 508 260 542 fast.
271 513 309 541 et
320 507 482 550 triumph.
494 507 591 540 Rom.
602 506 647 540 ad
656 515 734 539 ann.
746 513 895 539 ncxuv.

224 561 273 594 Et
286 559 448 601 meritum,
462 559 650 601 virtutique,
664 555 735 600 esc-J
767 556 894 590 Induc-

180 616 218 645 ta
242 611 369 654 copula
392 621 465 653 que,
487 610 695 644 senteutiam
712 607 895 653 patefacit.

181 663 361 697 Manutius.

224 715 372 758 Amplius
387 713 472 756 x11.]
511 712 645 747 lterum
672 713 720 747 in,
735 710 897 745 observa

180 766 336 799 tiuncula
349 766 418 798 ista
431 765 613 799 haeremus.
657 762 696 796 Si
716 762 834 804 verba,
857 766 898 795 ut

182 816 299 859 posita
313 816 528 859 scriptaque,
543 814 686 857 accipis,
699 813 787 846 falsa
807 817 898 846 suut.

183 868 264 902 Nou
280 867 372 900 enim
389 866 552 910 profecto
579 867 672 899 intra
698 870 752 899 tot
779 874 898 907 anuos,

184 919 319 962 amplius
338 927 407 953 xn.
441 919 611 953 Consules
637 922 699 951 aut
726 918 898 951 Censores

183 976 246 1005 aut
270 970 514 1013 Triumphales
535 969 645 1003 fuere.
690 969 783 1004 Quid
798 968 900 1002 sino·

182 1023 274 1055 tuias
284 1021 459 1063 detrahas,
470 1021 683 1064 scribasque,
692 1020 827 1062 amplius
838 1028 876 1053 x.
885 1020 899 1052 ?

184 1073 228 1106 Id
259 1077 356 1106 certe
383 1082 503 1106 verum
532 1073 605 1106 sit:
634 1077 673 1105 et
694 1071 832 1114 reperio
854 1071 899 1104 ab

185 1134 276 1157 auno
290 1132 478 1157 ncxxxur.
494 1123 540 1157 ad
551 1133 678 1157 annum
688 1131 811 1156 ncnvr.
824 1122 900 1166 (qui

186 1180 267 1209 sunt
293 1175 374 1208 anni
403 1174 490 1218 ιιι.)
527 1175 667 1218 reperio
697 1174 836 1218 inquam
864 1174 900 1208 iu

185 1231 290 1269 gente
302 1226 445 1260 Coecilia
459 1227 626 1260 Consules
638 1226 800 1269 quinque,
814 1226 903 1258 Cen·

186 1287 281 1310 sores
318 1276 420 1318 ditos,
451 1277 694 1319 Triumphales
722 1280 900 1319 quattuor.

185 1329 283 1371 Ergo
296 1329 452 1370 undecim,
461 1329 527 1361 nisi
543 1328 626 1371 quid
641 1328 677 1360 in
692 1326 900 1370 vestigando

186 1389 244 1416 me
264 1379 367 1423 fugit.
413 1379 561 1422 corrige
581 1389 651 1422 me,
665 1389 734 1412 nou
750 1378 902 1421 corripe,

187 1431 216 1464 si
229 1432 281 1465 ita
295 1436 360 1466 est.
382 1431 524 1474 Lipsius.

232 1483 324 1517 Car».
337 1486 389 1518 12.
401 1483 447 1516 Ae
461 1483 501 1516 C.
510 1481 656 1525 Marius]
667 1482 818 1516 Consule
828 1482 901 1515 Sal-

190 1534 330 1568 lustium
343 1534 379 1567 in
391 1534 578 1577 Jugurtba.

237 1586 282 1619 Ul
302 1586 552 1629 pra-canentibus
567 1585 669 1629 satis]
699 1584 902 1627 Tentabam,

186 1637 304 1680 patria
318 1635 612 1676 mensib-asans.-
633 1636 730 1679 quasi
744 1644 905 1678 compen-

190 1688 250 1722 dio
277 1687 444 1731 scriptum
481 1686 627 1720 verbum
662 1685 810 1727 fuissem
839 1696 904 1719 nec

191 1750 283 1774 nunc
299 1739 459 1783 poenitet.
485 1739 575 1772 Haec
591 1743 708 1772 autem
721 1737 905 1772 referenda

191 1790 236 1824 ad
259 1790 560 1833 uecessitudinem,
581 1800 658 1834 quaa
681 1799 776 1823 more
791 1790 905 1833 prisco

193 1843 286 1875 inter
319 1842 501 1876 Consulem
525 1846 562 1874 et
589 1842 810 1877 Qnaestorem
841 1845 907 1883 est,

193 1893 304 1936 qualis
319 1893 410 1926 iuter
422 1897 558 1936 patrem
570 1891 758 1935 filiumque.
781 1892 907 1926 Cicero

195 1954 264 1977 non
280 1954 349 1978 uno
364 1944 453 1977 loco.
476 1943 616 1986 Lipsius.
665 1942 711 1976 Ue
730 1953 907 1985 praecaven-

194 1995 281 2029 tibus
301 1995 404 2037 salis]
444 1995 539 2028 Satis
568 1994 718 2027 obscura
746 1998 800 2027 est
834 1995 908 2028 baec

196 2045 372 2087 ἐπεμβολὴ,
409 2045 717 2089 quomodocunque
760 2046 910 2089 accipia-

195 2109 282 2132 mus.
325 2098 363 2131 Si
379 2098 470 2131 euim
482 2097 651 2140 accipias,
664 2095 820 2139 satajam
837 2101 910 2130 turn

195 2150 256 2183 illa
269 2150 363 2183 iuter
379 2148 564 2193 praesidem
580 2152 618 2181 et
627 2151 838 2192 quaestorem
856 2157 913 2180 ue·

198 2199 410 2234 cessitudiue
435 2200 530 2232 velut
547 2207 747 2241 praecavere
765 2197 912 2231 voluisse

198 2251 333 2285 futuras
359 2250 549 2284 discordias
584 2254 623 2283 et
650 2249 744 2282 bella
770 2248 911 2283 civilia:

198 2303 285 2345 sive,
311 2303 475 2346 Lipsiana
497 2302 671 2335 correctio
699 2302 837 2345 (patria
861 2312 914 2336 ca-

199 2354 458 2396 ventibussatis)
477 2354 599 2387 eodem
622 2363 738 2396 seusu,
758 2359 820 2388 aut
834 2363 914 2389 con-

202 2404 336 2438 sulendi
357 2404 567 2447 significatu,
589 2405 693 2438 etita
707 2405 916 2448 explicetur,

203 2456 300 2499 qnasi
317 2455 386 2488 illis
399 2465 512 2488 rerum
537 2455 641 2488 Marii
656 2465 723 2499 ope
739 2460 914 2498 gestarum

204 2505 383 2549 praeludiis
401 2506 505 2539 veluti
517 2506 561 2540 ad
573 2506 739 2549 msJorem
752 2506 917 2540 Cimbrici

204 2558 288 2592 belli
314 2558 488 2591 fortunam
505 2567 547 2591 ac
564 2557 651 2600 reip.
675 2557 916 2591 liberationem

205 2609 399 2644 consultum
428 2608 592 2642 Romanis
622 2606 696 2640 fata
732 2607 918 2647 voluerint,

206 2660 298 2694 sicut
312 2659 348 2692 in
366 2659 533 2702 descript.
550 2658 633 2693 bell.
648 2658 740 2692 civil.
785 2658 919 2699 Florus,

204 2711 214 2729 ⁴
233 2714 347 2743 actum
378 2709 477 2751 erat,’
507 2708 634 2752 inquit,
668 2708 756 2742 ‘nisi
785 2708 919 2742 Marius

207 2762 256 2795 illi
280 2762 407 2795 soeculo
433 2760 648 2803 contigisset'
670 2759 780 2804 (quod
805 2764 920 2796 tamen

209 2813 325 2849 (larius
355 2814 423 2849 erit
446 2813 730 2859 conclusiin-quc)
756 2812 921 2848 nonsatis

945 303 1027 342 apte
1042 299 1226 333 haerebunt
1239 297 1350 332 textui
1365 298 1423 331 illa
1435 297 1556 358 verba.
1580 298 1663 331 Boe-

942 351 1055 384 clerus.

988 401 1181 444 cxxxux.]
1206 402 1301 444 Lege
1339 409 1500 435 cxxxiv.
1527 401 1660 434 Manu.

992 452 1179 485 emulatus
1187 452 1299 494 initio]
1315 451 1429 485 Recte
1438 452 1534 484 initio
1545 463 1557 484 .-
1572 456 1665 484 stan·

945 506 982 535 te
1014 503 1150 546 Repub.
1176 502 1378 545 designatus
1407 503 1528 537 consul
1552 502 1665 535 inibat

945 554 1163 588 consulatum
1189 563 1286 586 more
1306 553 1476 595 iuajorum
1500 554 1582 586 Kal.
1605 553 1666 588 Ja-

946 615 1044 639 nuar.
1060 605 1133 648 qui,
1153 605 1340 639 subsecuto
1354 605 1610 648 Imperatorum
1622 615 1667 638 ω-

946 666 1003 697 vo,
1035 657 1228 691 ordinarius
1264 656 1470 698 dicebatur;
1508 657 1590 700 quia
1619 666 1664 688 ex
1725 646 1729 651 ’

947 711 1032 742 tunc
1061 708 1097 741 ‘m
1121 708 1274 767 singulos
1302 718 1410 742 anuos
1434 709 1555 751 plures
1579 708 1667 741 eon-

947 761 1041 793 sules
1058 759 1171 793 creari
1192 760 1396 792 inoleverat.
1441 759 1666 793 Cassiodorus

949 815 986 844 et
1000 810 1224 854 Apollinaris.
1248 810 1436 853 Schegkius.

994 862 1134 895 Ginnabris
1147 871 1186 894 ac
1194 862 1369 922 Teutonis]
1404 863 1501 896 Nota
1529 862 1668 896 Cicero-

948 922 1038 954 uem
1043 912 1088 946 de
1104 913 1294 956 provinciis
1310 914 1452 947 Consul.
1478 917 1517 946 et
1538 913 1668 947 Sallus-

949 965 1037 998 tium
1051 964 1087 997 in
1100 965 1276 1007 Jugurtha
1289 965 1350 998 bos
1365 965 1547 1000 Gallorum
1563 974 1668 1008 gene-

951 1016 1016 1050 rali
1030 1016 1169 1055 nomina
1184 1017 1443 1054 concelebrare.
1479 1016 1669 1058 Schegkius.

954 1068 1108 1111 Cimbris]
1131 1069 1250 1107 Gallos
1263 1069 1458 1112 appellavit
1471 1069 1670 1111 Sallustius,

951 1120 1044 1155 forte
1060 1121 1153 1164 quod
1176 1125 1269 1155 teste
1295 1121 1419 1160 Orosio
1439 1126 1476 1155 et
1500 1121 1671 1166 Eutropio

952 1173 1102 1207 Cimbris
1133 1177 1238 1217 atque
1260 1173 1427 1206 Teutonis
1449 1173 1554 1206 etiam
1567 1173 1671 1215 'rigu-

952 1224 1019 1257 rini
1044 1229 1150 1268 atque
1174 1223 1370 1257 Ambrones
1391 1234 1429 1257 se
1444 1223 1670 1257 miscuerint:

952 1276 1009 1309 vel
1024 1275 1116 1319 quod
1132 1275 1314 1309 Gallorum
1334 1276 1408 1319 (vel
1424 1276 1540 1318 potius
1554 1275 1672 1308 Celta-

952 1325 1045 1368 rum)
1067 1327 1205 1359 nomine
1229 1331 1267 1359 et
1290 1327 1411 1360 Gallos
1427 1331 1463 1359 et
1479 1326 1672 1360 Germanos

954 1378 1089 1421 antiqui
1104 1377 1352 1411 intellexerint.
1396 1378 1487 1411 Vide
1502 1377 1671 1411 Annotat.

954 1429 999 1463 ad
1009 1429 1223 1463 Sallustium.
1667 1452 1671 1457 .

997 1481 1233 1525 Manliumque]
1270 1482 1442 1516 Manilium
1467 1492 1601 1526 repono
1628 1492 1672 1515 ex

955 1531 1160 1566 cassiodoro
1190 1537 1228 1566 et
1254 1533 1498 1578 Obsequente.
1543 1534 1674 1567 Manat.

954 1583 1188 1628 Manliumque]
1212 1584 1311 1618 Nihil
1325 1589 1421 1618 muta
1433 1585 1463 1619 si
1477 1585 1581 1628 sapis.
1612 1585 1675 1618 Ta·

954 1637 1045 1670 citus
1074 1637 1109 1669 in
1146 1636 1358 1671 Germania:
1396 1640 1408 1657 ‘
1432 1637 1484 1670 At
1509 1636 1674 1670 Germani

955 1687 1115 1721 Carbone
1128 1691 1166 1720 et
1181 1687 1301 1722 Cassio
1327 1692 1365 1722 et
1381 1688 1512 1722 Scauro
1529 1687 1674 1721 Aurelio

955 1743 993 1771 et
1002 1738 1152 1772 Servilio
1163 1738 1340 1781 Caepione,
1351 1738 1404 1771 M.
1424 1747 1560 1782 quoque
1571 1738 1672 1771 Man-

955 1789 1004 1822 lio
1032 1787 1117 1822 fusis
1147 1789 1202 1822 vel
1239 1788 1365 1832 captis,
1390 1789 1544 1832 quinque
1575 1788 1677 1821 simul

955 1841 1156 1874 consulares
1181 1840 1357 1874 exercitus
1390 1841 1521 1883 populo
1550 1839 1677 1873 Roma·

956 1891 1027 1925 no.’
1062 1892 1162 1925 Facit
1174 1891 1340 1935 Epitoma
1355 1890 1445 1924 Livii
1461 1899 1579 1924 uxvn.
1603 1890 1680 1924 Sal·

957 1942 1080 1975 lustius
1100 1942 1288 1986 Jugnrtha,
1311 1942 1459 1976 Orosius
1473 1941 1533 1976 lib.
1548 1951 1583 1975 v.
1598 1951 1677 1985 cap.

959 1996 1014 2027 lo.
1036 1993 1277 2028 Cassiodorus.
1300 1992 1391 2026 Aliis
1421 1993 1571 2026 Mallium
1591 1993 1679 2026 arri-

959 2043 1034 2076 det.
1079 2043 1200 2077 Sciant
1211 2044 1275 2077 boc
1288 2043 1464 2086 Graecum,
1484 2043 1571 2077 illud
1586 2044 1681 2077 Lati·

961 2105 1055 2128 num.
1101 2093 1144 2127 In
1159 2094 1373 2138 prenomine
1387 2094 1576 2128 dissensus.
1604 2094 1679 2127 Sal-

961 2147 1066 2180 lustio
1095 2150 1133 2180 et
1155 2146 1281 2180 Tacito
1303 2147 1314 2165 ‘
1329 2145 1497 2187 Marcus:
1524 2145 1622 2179 Livio
1643 2151 1680 2179 ct

963 2197 1088 2231 Orosio
1104 2199 1112 2216 ‘
1129 2197 1232 2231 Caius
1244 2196 1266 2238 ;’
1284 2197 1361 2231 aliis
1375 2197 1385 2215 ‘
1398 2196 1539 2231 Cneus.’
1561 2194 1687 2238 &1223ss

962 2249 1047 2283 kias.

1007 2301 1220 2343 Scaurumque
1252 2299 1419 2334 Aurelium
1451 2299 1541 2342 Coa]
1571 2300 1680 2342 Lega-

965 2356 1038 2387 tum
1055 2352 1172 2394 fuisse,
1189 2362 1266 2385 cum
1283 2357 1408 2395 captus
1421 2356 1457 2385 et
1466 2352 1600 2386 occisus
1616 2356 1685 2393 est,

965 2405 1016 2438 M.
1045 2406 1224 2446 Scaurum,
1251 2402 1406 2436 ostendit
1433 2402 1595 2445 Epitome
1627 2402 1683 2435 Li-

966 2455 1079 2488 viana.
1123 2455 1248 2497 Itaque
1264 2453 1449 2497 legendum
1462 2457 1559 2495 puto,
1571 2461 1683 2486 consu-

966 2507 1076 2540 larem.
1118 2506 1281 2539 Triennio
1307 2505 1399 2538 enim
1425 2509 1504 2537 ante
1527 2504 1685 2536 consula·

967 2562 1040 2590 tum
1056 2561 1252 2600 gesserunt,
1271 2566 1362 2589 anuo
1389 2556 1434 2589 U.
1460 2563 1594 2590 ncnv.
1638 2554 1686 2587 Et

969 2607 1128 2648 Orosius,
1157 2607 1219 2639 ‘ln
1234 2606 1303 2648 ea:
1326 2606 1448 2649 inquit,
1474 2607 1484 2624 ¹
1500 2614 1618 2648 pugna
1634 2604 1684 2638 M.

970 2657 1133 2691 Aurelius
1149 2656 1339 2690 consularis
1355 2660 1494 2698 captus,
1513 2661 1618 2699 atque
1633 2655 1687 2689 iu-

971 2707 1141 2742 ter-fectus
1158 2706 1234 2740 est!
1257 2707 1434 2740 Manutius.

1017 2760 1157 2802 Populus
1170 2758 1308 2801 crearet]
1340 2756 1554 2792 Advocando
1579 2757 1688 2791 mino·

973 2822 1045 2847 rem
1060 2812 1132 2855 ejus
1146 2816 1293 2856 partem.
1338 2810 1462 2845 Cicero
1484 2809 1520 2844 in
1537 2810 1687 2845 Rullum.
