2008 3210
322 275 408 318 310

323 381 556 423 praecedentis
569 382 688 415 ultima
700 381 1037 425 syllabafinlermisis-

323 437 381 466 set.
417 432 610 466 Acidalius.

371 483 507 517 Tribuno
528 485 685 528 Carbone]
714 485 862 518 Homine
877 486 1036 528 eloquen-

324 538 468 579 tissimo,
490 542 526 571 et
552 539 720 571 stellionis
744 538 787 571 ad
804 539 942 572 modum
958 549 1035 582 per-

325 599 424 621 verse
453 599 613 632 nequam.
673 590 796 623 Cicero
835 591 869 622 in
901 591 1033 624 Bruto:

326 642 335 658 ‘
351 641 492 672 Utinam
505 641 539 672 in
548 640 688 673 Tiberio
702 641 874 682 Graccho,
884 642 1035 684 Gaioque

326 691 499 731 Carbone,
531 691 612 723 talis
642 701 740 724 mens
768 693 810 725 ad
845 692 1034 734 Rempubl.

325 742 512 783 gerendam
533 741 665 783 fuisset,
681 744 782 785 quale
802 743 976 785 ingenium
991 743 1036 776 ad

326 794 414 825 bene
438 792 620 825 dicendum
636 793 728 834 fuit;
758 794 918 837 profecto
935 805 1035 827 nemo

325 844 377 875 his
395 843 477 875 viris
489 844 598 886 gloria
614 845 858 886 praestitisset!
886 847 942 878 De
955 855 1037 878 eon-

324 894 483 927 tentione
509 905 587 928 eum
604 895 770 929 Africano
789 897 880 929 idem
906 897 940 928 in
969 896 1036 928 Mi-

324 946 473 988 loniana,
489 950 526 979 et
548 947 609 979 lib.
627 957 667 980 11.
684 947 727 979 de
744 948 886 981 Orator.
924 947 935 965 ‘
949 947 1035 979 Cum

326 997 367 1029 L.
393 996 525 1038 Opimii
550 1008 687 1030 causam
712 998 923 1033 defendebat
943 997 1036 1040 apud

325 1050 492 1091 populum
508 1050 671 1082 audiente
688 1049 763 1082 me'
784 1049 972 1093 (Antonius
989 1050 1037 1083 lo-

327 1099 463 1142 quitur)
489 1102 499 1118 ⁸
516 1101 677 1134 C.Carbo
693 1102 826 1143 consul,
841 1102 924 1134 nihil
940 1101 983 1134 de
998 1100 1038 1135 C.

327 1151 477 1184 Gracchi
493 1152 590 1184 coede
613 1153 786 1194 negabat3
813 1154 871 1185 sed
899 1153 933 1186 id
957 1153 1039 1196 jure

326 1213 389 1244 pro
405 1204 517 1236 salute
542 1204 667 1246 patriae
688 1203 822 1237 factum
842 1214 919 1237 esse
943 1204 1038 1237 dice·

327 1255 412 1295 bat;
434 1259 473 1288 ut
503 1256 613 1288 eidem
644 1257 796 1290 Carboni
821 1257 919 1290 Trib.
944 1258 1039 1300 pleb.

328 1306 396 1338 alia
411 1316 487 1338 cum
500 1312 618 1340 mente
633 1307 819 1350 Rempubl.
831 1308 1041 1350 capessenti,

327 1358 369 1390 P.
383 1357 566 1391 Africanus
586 1359 630 1391 de
646 1359 726 1393 Tib.
749 1359 911 1393 Graccho
933 1360 1040 1392 inter-

327 1409 465 1450 roganti
481 1410 724 1452 responderet,
738 1410 821 1452 jure
843 1420 969 1442 caesum
993 1410 1041 1443 vi-

328 1459 427 1492 deri!
456 1461 504 1492 Et
524 1460 617 1493 idem
638 1462 728 1493 hunc
750 1470 829 1493 cum
852 1461 891 1494 C.
907 1461 1042 1494 Catone

327 1511 524 1545 Gracchum
546 1515 702 1544 secutum
716 1511 850 1544 scribit.
895 1511 1039 1544 Poenam

326 1561 446 1604 itaque
464 1571 543 1593 >non
563 1560 699 1604 effugit.
738 1561 932 1594 Accusatus
956 1571 977 1593 a
1001 1562 1040 1593 L.

330 1613 456 1647 Crasso
472 1622 578 1645 annos
594 1622 674 1647 xix,
699 1620 795 1654 nato,
818 1617 961 1646 auctore
976 1613 1041 1645 Ta-

328 1663 414 1696 cito'·
423 1663 466 1695 de
483 1663 704 1705 Oratoribus,
715 1663 936 1696 cantharidas
955 1673 1044 1696 sum-

328 1715 414 1747 sisse
430 1714 571 1748 dicitur.
600 1715 723 1748 Cicero
735 1715 895 1758 Epistola
909 1715 952 1748 ad
965 1715 1041 1748 Pae-

329 1770 414 1798 tum.
453 1765 640 1807 Schegkius.

373 1819 454 1851 Jure
464 1819 592 1860 coesum]
609 1819 751 1853 Diserte
764 1820 852 1853 hanc
866 1819 1043 1853 historiam

330 1870 517 1914 exequitur
531 1872 610 1904 Val.
632 1871 733 1904 Max.
750 1881 801 1905 vr.
817 1875 850 1905 2.
865 1876 898 1905 3.
939 1871 1043 1905 Adde

329 1923 408 1955 Liv.
438 1923 536 1964 Epit.
567 1926 622 1955 59.
656 1923 836 1956 Plutarch.
868 1922 1043 1965 Apophth.

331 1973 426 2008 Quid
460 1976 597 2014 autenm
633 1973 644 1991 ‘
662 1973 789 2016 jurene
822 1983 931 2006 cassus
967 1973 1043 2006 Tib.

331 2024 526 2066 Gracchus,
550 2025 642 2057 sicut
666 2019 881 2057 existimavit
900 2024 1044 2069 Scipio?

331 2076 442 2119 quiet
460 2075 554 2118 apud
580 2076 803 2109 Numantiam
824 2075 940 2108 statim
965 2085 1043 2108 cum

330 2126 556 2160 inaudivisset
570 2126 614 2158 de
629 2127 726 2159 exitu
738 2127 900 2169 Gracchi,
914 2127 1045 2159 Home-

330 2179 440 2211 ricum
454 2178 539 2210 illud
552 2179 720 2220 protulit:
743 2179 799 2211 Ὦς
820 2178 972 2211 ἀπόλοιτο
993 2178 1045 2211 καὶ

333 2231 433 2274 ἄλλος
448 2230 513 2264 ὅτις
523 2230 656 2263 τοιαῦτά
669 2242 712 2272 γε
723 2229 830 2273 pison
847 2230 1045 2264 Auctorita-

333 2283 377 2316 tis
402 2293 485 2316 sane
506 2293 573 2316 non
600 2293 722 2326 parum
750 2286 805 2315 est
827 2283 864 2315 in
889 2282 1045 2323 dicente,

332 2335 405 2367 sive
420 2334 640 2376 prudentiam
653 2334 729 2376 ejus
745 2338 956 2376 spectamus,
971 2333 1045 2366 sive

332 2394 410 2418 cum
427 2385 588 2421 Graccho
603 2384 908 2423 necessitudinem,
923 2384 966 2416 de
978 2393 1046 2426 qua

333 2435 507 2469 Valerius,
545 2435 648 2467 Unde
675 2434 870 2467 Martianus
900 2434 1052 2476 Capella»

333 2486 394 2519 lib.
404 2495 454 2527 v.,
464 2485 507 2518 de
518 2485 730 2527 argumentis
744 2494 861 2526 agens,
871 2484 914 2516 ab
926 2489 1045 2517 aucto-

334 2538 442 2570 ritate
469 2537 545 2579 peti
571 2540 823 2578 argumentum,
845 2535 954 2568 nobili
979 2535 1045 2567 hoc

335 2589 496 2632 exemplo
510 2591 702 2628 monstrat;
724 2588 735 2606 ‘
753 2586 956 2620 Africanum
973 2585 1049 2619 dix-'

336 2642 419 2682 isse,
426 2641 508 2682 jure
520 2649 650 2672 caesum
664 2649 739 2671 esse
751 2639 926 2671 Tiberium
939 2638 1047 2671 Grac-

336 2691 462 2724 chum.'
509 2690 702 2723 Dubitandi
731 2694 847 2723 autem
877 2690 1047 2722 rationem

336 2742 493 2784 suggerit
504 2741 726 2783 Plutarchus,
736 2741 827 2784 quod
844 2740 854 2759 ⁴
871 2740 1048 2782 conspira-

338 2793 434 2825 tione
447 2793 592 2825 di‘vitum
610 2787 796 2834 oppressus
812 2792 887 2824 sit?
909 2796 945 2824 et
960 2792 1050 2824 Nos-

340 2847 395 2875 ter
431 2842 597 2883 Velleius,
633 2842 691 2884 qui
725 2851 802 2883 cap.
833 2840 1050 2883 praecedenti

334 2895 477 2928 ⁴videtur
500 2894 681 2936 deplorare
705 2894 793 2926 hanc
818 2893 948 2926 eaedem
976 2896 1048 2926 tan-

632 287 776 320 NOTAE
809 285 1079 318 VARIORUM
1117 285 1167 316 {N
1201 285 1486 318 PATERCULI

1083 390 1184 423 quam
1212 379 1346 413 initium
1373 380 1484 413 civilis
1506 379 1796 422 perturbationis3

1082 437 1120 465 et
1133 432 1220 464 Fab.
1235 432 1480 474 Quintilianus,
1490 432 1550 474 qui
1564 431 1679 464 Instit.
1693 431 1796 464 Orat.

1082 483 1146 516 lib.
1163 493 1198 516 ν.
1214 486 1268 516 13.
1309 485 1319 502 ‘
1338 484 1367 516 si
1387 483 1516 516 Nasica
1541 487 1620 525 post
1645 482 1798 516 occisum

1084 534 1280 567 Gracchum
1291 533 1500 567 defendatur
1512 533 1670 575 exemplo
1681 532 1797 574 Halae,

1083 595 1104 618 a
1134 595 1201 628 quo
1232 585 1360 617 Melius
1391 589 1446 617 est
1471 583 1700 624 interfectus,'
1727 582 1796 616 dici

1084 646 1187 679 posse
1202 641 1331 677 monet,
1353 636 1363 655 ⁴
1377 636 1524 668 Melium
1540 636 1639 678 regni
1654 634 1798 668 affecta-

1085 692 1192 721 torem
1217 688 1338 728 fuisse,
1363 697 1384 719 a
1399 687 1561 720 Graccho
1578 687 1672 727 leges
1694 685 1797 718 modo

1082 739 1172 771 latas
1196 749 1272 771 esse
1294 738 1500 780 populares:
1525 737 1650 770 Halam
1673 737 1798 785 magis-

1085 793 1176 822 trum
1192 789 1345 832 equitum
1362 787 1484 828 fuisse,
1508 787 1672 820 Nasicam
1690 787 1799 829 priva-

1085 845 1159 873 tum
1196 841 1296 873 esse!
1351 841 1550 873 Excusatur
1587 843 1703 871 tamen
1738 839 1799 871 illa

1085 892 1198 924 caedes
1229 896 1267 924 et
1292 891 1385 924 iuter
1406 891 1566 932 exempla
1591 889 1798 932 praesentius

1087 944 1275 976 vindicatae
1300 943 1481 975 seditionis
1502 941 1656 974 refertur
1671 951 1692 974 a
1705 941 1800 974 Poli-

1085 995 1178 1036 ticis,
1211 994 1464 1037 magnificeque
1494 993 1753 1027 commendatur
1778 1003 1800 1025 a

1085 1047 1163 1078 Val.
1191 1046 1290 1078 Max.
1318 1055 1352 1078 v.
1375 1048 1406 1077 3.
1421 1047 1454 1077 2.
1493 1045 1622 1087 quippe
1648 1043 1797 1079 cumlde

1086 1098 1253 1130 seditioso
1289 1096 1440 1130 Gracchi
1477 1097 1591 1128 animo
1632 1095 1799 1139 factoque

1087 1148 1241 1182 dubitari
1258 1158 1398 1191 prorsus
1414 1153 1588 1190 nequeat:
1619 1147 1685 1180 nisi
1708 1146 1799 1190 quod

1086 1200 1151 1233 hoc
1168 1200 1280 1242 ipsum
1302 1199 1497 1240 exemplum
1521 1198 1717 1230 cautionem
1742 1197 1801 1230 de-

1088 1251 1150 1284 bet
1165 1250 1390 1293 suppeditare
1401 1249 1494 1282 eirca
1510 1249 1700 1282 seditiones
1710 1258 1801 1280 com·

1087 1303 1299 1346 pescendas:
1335 1301 1395 1334 ubi
1422 1301 1457 1333 in
1487 1301 1652 1332 honorem
1682 1299 1801 1332 salutis

1089 1354 1238 1396 publicae
1267 1353 1377 1385 multa
1406 1361 1488 1384 sane
1517 1352 1686 1384 severitas
1717 1361 1799 1384 con—

1090 1415 1188 1438 cessa
1211 1403 1442 1437 existimanda
1465 1407 1531 1444 est,
1549 1403 1610 1435 sed
1633 1402 1802 1435 severitas

1090 1460 1151 1492 illa
1165 1469 1230 1493 nec
1242 1459 1285 1491 ab
1299 1468 1366 1491 uno
1377 1457 1412 1490 in
1425 1458 1513 1499 Rep.
1528 1456 1638 1489 libera
1647 1456 1801 1498 pendere

1091 1510 1208 1552 debet,
1223 1520 1288 1543 nec
1304 1510 1423 1552 quovis
1438 1508 1540 1541 modo
1555 1507 1710 1541 adhibita
1724 1517 1802 1550 pro-

1091 1562 1197 1595 derit.
1242 1562 1361 1603 Digna
1384 1559 1546 1602 profecto
1575 1563 1687 1591 morte
1709 1568 1801 1592 com-

1091 1614 1234 1646 miserat
1259 1612 1454 1652 Gracchus,
1479 1615 1586 1654 atque
1601 1610 1671 1645 illa
1696 1619 1802 1650 mors,

1093 1664 1304 1697 auctoritate
1335 1671 1508 1705 supremae
1533 1661 1639 1704 legis,
1671 1661 1706 1694 id
1736 1666 1804 1703 est,

1092 1715 1214 1749 salutis
1230 1715 1394 1758 publicae,
1414 1714 1503 1747 eitra
1515 1713 1728 1747 obstaculum
1743 1713 1804 1747 ali-

1093 1778 1189 1800 arum
1204 1768 1333 1810 legum,
1355 1766 1500 1808 irrogari
1523 1769 1681 1808 poterat:
1705 1764 1767 1797 sed
1783 1774 1803 1796 a

1093 1818 1235 1860 Nasica,
1254 1827 1323 1849 non
1347 1820 1555 1858 exspectato
1576 1819 1721 1849 ‚senatus
1739 1814 1804 1851 ‚de-

1094 1875 1204 1910 creto‚
1218 1873 1334 1911 spreta
1348 1867 1497 1900 consulis
1512 1866 1803 1906 contradictione,

1093 1921 1291 1954 commissas
1301 1920 1335 1952 in
1348 1918 1490 1961 publica
1499 1918 1665 1951 concione
1677 1917 1803 1951 civium

1093 1982 1212 2005 manus
1228 1981 1317 2012 esse,
1332 1971 1368 2003 id
1387 1980 1456 2003 nou
1482 1970 1670 2003 cariturum
1694 1979 1805 2012 prava

1093 2022 1356 2065 consequentia,
1390 2026 1431 2054 nt
1466 2022 1668 2064 loquuntur,
1703 2020 1805 2053 multi

1094 2074 1317 2116 prudentum,
1333 2083 1401 2105 nec
1412 2072 1501 2105 citra
1512 2073 1692 2114 rationem,
1707 2080 1803 2104 vere-

1094 2125 1233 2158 bantur.
1278 2125 1351 2156 Pro
1371 2123 1533 2165 Scipione
1555 2121 1715 2166 equidem
1736 2125 1803 2162 est,

1094 2176 1185 2219 quod
1200 2179 1378 2208 senatores
1391 2174 1547 2216 plerique
1568 2173 1579 2192 ‘
1594 2173 1696 2205 armis
1707 2177 1805 2206 tuen-

1095 2227 1173 2260 dam
1191 2224 1328 2268 Remp!
1343 2229 1564 2265 censuerant,
1577 2223 1700 2267 quibus
1710 2221 1806 2260 ‚con-

1094 2277 1146 2309 sul
1163 2277 1326 2309 resistere
1341 2284 1410 2307 non
1425 2273 1610 2306 videbatur
1622 2273 1781 2306 debuisse
1791 2283 1803 2305 ε

1094 2329 1155 2362 sed
1191 2328 1350 2372 quaedam
1388 2326 1544 2359 remedia
1576 2325 1805 2369 praesentiora

1094 2383 1187 2422 sunt,
1215 2389 1318 2422 quam
1348 2382 1388 2411 ut
1416 2378 1478 2411 illa
1505 2377 1622 2419 capiat
1655 2376 1806 2419 publicas

1095 2430 1358 2472 tranquillitatis
1380 2433 1418 2462 et
1442 2429 1552 2462 civilis
1577 2427 1754 2461 societatis
1768 2427 1808 2459 li·

1094 2481 1313 2523 bertatisque
1329 2480 1540 2513 teneritudo.
1565 2480 1710 2512 Boecler.

1140 2531 1302 2573 Nouerca]
1347 2532 1428 2564 Non
1466 2535 1590 2563 mater,
1645 2529 1805 2570 Nouerca]

1095 2583 1262 2616 Similiter
1293 2582 1480 2615 Petronius
1514 2582 1549 2614 in
1579 2581 1807 2623 Eumolpiano

1096 2635 1261 2676 carmine,
1287 2634 1378 2678 quod
1394 2634 1497 2675 vulgo
1517 2631 1723 2673 inscribunt,
1749 2633 1807 2664 De

1096 2686 1290 2720 mutatione
1301 2685 1407 2727 Reip.
1421 2685 1520 2717 Rom.
1533 2683 1544 2701 ‘
1556 2682 1631 2716 Aut
1641 2682 1807 2725 quisunt,

1098 2738 1157 2781 qui
1172 2737 1264 2769 bella
1273 2735 1422 2778 jubent?
1453 2732 1672 2766 mercedibus
1693 2730 1808 2774 emtoe,

1098 2788 1153 2821 Ae
1183 2788 1266 2820 viles
1295 2795 1433 2828 operaez
1470 2793 1614 2826 quorum
1643 2786 1698 2815 est
1731 2792 1809 2816 mea

1100 2840 1210 2871 Roma
1225 2835 1396 2870 noverca.’
1424 2834 1549 2867 Acidal-

1142 2889 1267 2922 Abhinc
1281 2897 1377 2920 annos
1398 2885 1469 2927 ομ]
1509 2893 1627 2918 crux.
1644 2894 1810 2926 reponen-
