2002 3250
461 637 548 699 C.
584 637 964 700 VELLEII
1018 639 1545 703 PATERCULI

332 829 986 911 HISTORIAE
1082 831 1681 911 ROMANAE

639 1038 730 1082 AD
770 1039 835 1083 M.
873 1039 1192 1083 VINICIUM
1231 1039 1365 1084 COS.

824 1244 1072 1294 LIBER
1127 1243 1176 1306 1.

319 1612 361 1654 l.
383 1610 473 1642 *Μ
491 1615 771 1667 tempestate¹
794 1610 1034 1654 distractus
1055 1625 1084 1654 a
1100 1612 1215 1655 duce
1234 1625 1319 1654 suo
1347 1610 1578 1664 Nestore?
1599 1612 1745 1655 Meta-

261 1681 462 1734 pontumb
482 1680 696 1724 condidit.
719 1682 782 1754 [a.
804 1679 909 1724 Chr.
922 1695 963 1723 n.
977 1681 1107 1724 1190.
1127 1695 1172 1737 p.
1186 1681 1312 1738 Troj.
1332 1685 1453 1737 capt.
1469 1681 1533 1734 1.]
1554 1681 1744 1732 Teucer,

882 1794 1000 1806 eeeeee

1002 1793 1121 1806 eeeeee

305 1862 319 1890 l
351 1858 420 1896 Qua
436 1863 622 1902 tempestate
649 1860 717 1903 leg.
746 1859 905 1902 Gladius,
931 1860 990 1903 qui
1017 1865 1053 1894 et
1075 1860 1176 1903 Epeus
1202 1860 1339 1894 addidit
1358 1866 1439 1903 post
1457 1861 1591 1894 Nestore
1607 1871 1651 1894 ex
1667 1869 1746 1893 con·

924 1967 1066 2002 NOTAE

301 2050 379 2092 ··*]
391 2050 670 2083 AnteaVeileius
682 2049 921 2091 enumerabat,
929 2058 974 2082 ex

259 2102 395 2135 Graecis
411 2101 555 2134 ducibus
573 2100 617 2133 ad
638 2101 767 2134 bellum
781 2100 973 2142 Trojanum

257 2152 439 2195 profectis,
458 2162 558 2195 quam
573 2152 718 2195 quisque
731 2151 865 2190 urbem,
877 2160 975 2183 ever·

257 2213 296 2236 so
321 2203 400 2244 Ilio,
424 2203 564 2236 rediens
588 2203 811 2236 condidisset.
857 2202 905 2236 At
926 2202 972 2235 de

258 2265 326 2298 quo
354 2256 419 2288 hoc
447 2255 606 2288 initium?
651 2255 757 2288 Certe
782 2255 826 2287 de
855 2255 971 2287 Meta-

258 2307 357 2348 ponti
382 2307 577 2341 conditore.
633 2307 720 2342 Quis
749 2307 808 2340 ine
840 2310 970 2349 autem,

256 2367 324 2390 non
338 2357 520 2391 admodum
531 2362 680 2391 constat.
725 2357 881 2390 Tradunt
895 2357 972 2391 Ste-

258 2408 390 2451 phanus
405 2413 442 2442 et
456 2409 639 2442 salmasius
651 2409 759 2442 fuisse
775 2409 972 2452 Metabum,

257 2459 394 2502 Sisyphi
416 2459 537 2494 filium.
581 2460 719 2503 Lipsius
740 2461 888 2504 Epeum,
911 2462 970 2495 ad·

255 2511 382 2544 ductus
408 2512 557 2545 maxime
590 2512 798 2546 auctoritate
828 2513 970 2555 suenni,

257 2563 316 2606 qni
343 2572 406 2597 xx.
435 2567 469 2597 2.
505 2563 616 2598 refert
644 2565 907 2608 Metapontinos
934 2565 968 2598 in

256 2614 407 2657 Templo
436 2614 608 2648 Minervae
646 2620 825 2649 ostentare
861 2616 969 2650 ferra-

256 2670 386 2710 menta,
412 2666 534 2710 quibus
556 2668 684 2710 Epeus,
708 2677 729 2700 a
752 2678 820 2711 quo
835 2669 968 2702 conditi

255 2720 347 2757 siunt,
361 2726 487 2760 equum
501 2719 684 2761 'ro-ojanum
699 2718 898 2753 fabricavit.
921 2721 970 2754 U·

256 2767 412 2810 trinaque
436 2774 552 2802 tamen
576 2770 705 2803 mentio
731 2771 824 2813 apud
842 2770 970 2804 Home-

259 2827 332 2850 rum
348 2819 463 2853 nulia:
488 2821 635 2855 maxime
660 2822 761 2855 Iiiad.
783 2827 819 2856 Β.
834 2822 894 2855 ubi
917 2833 970 2856 re-

257 2874 378 2903 censet
404 2871 606 2906 nominatim
635 2883 707 2916 eos,
735 2874 793 2918 qui
823 2874 967 2918 Trojam

1029 2059 1108 2083 cum
1125 2050 1271 2093 imperio
1293 2051 1493 2093 navigaturi
1516 2055 1629 2084 erant.
1676 2051 1749 2084 Ali·

1029 2101 1122 2134 unde
1147 2101 1263 2134 strab.
1287 2101 1346 2135 lib.
1363 2111 1417 2134 vr.
1438 2102 1578 2143 scripsit
1600 2112 1620 2133 a
1635 2102 1746 2144 Pyliis

1028 2152 1204 2185 conditam
1229 2151 1339 2185 fnisse
1375 2152 1634 2194 Metapontum.
1694 2154 1746 2185 Tu

1027 2213 1175 2247 sequere
1201 2203 1237 2236 in
1259 2202 1469 2246 explicando
1497 2213 1598 2245 quem
1626 2205 1743 2237 voles':

1026 2263 1095 2287 non
1109 2254 1255 2296 errabis,
1269 2254 1374 2287 modo
1396 2254 1570 2297 intelligas
1583 2265 1687 2288 unum
1701 2266 1748 2288 ex

1025 2306 1068 2339 iis
1083 2306 1142 2349 qui
1154 2306 1327 2339 >Nestoris
1349 2306 1513 2349 auspiciis
1530 2307 1633 2340 classi
1649 2308 1747 2350 Pyli-

1026 2367 1123 2390 orum
1138 2357 1372 2400 imperabant.

1070 2414 1086 2431 ⁸
1110 2408 1263 2451 Nestore]
1287 2409 1422 2442 Nestor
1446 2417 1509 2441 rex
1525 2409 1606 2451 Pyli
1622 2409 1656 2441 in
1671 2410 1745 2441 Tri-

1025 2459 1147 2502 phylia
1172 2460 1283 2492 Elidis
1309 2459 1466 2502 regione,
1487 2465 1526 2492 ut
1542 2461 1668 2493 Strabo
1685 2461 1745 2493 de-

1025 2510 1102 2543 fmit
1118 2509 1181 2543 lib.
1200 2519 1281 2543 vm.
1305 2509 1383 2544 Jam
1395 2510 1517 2542 senior
1530 2510 1573 2542 ad
1590 2511 1744 2552 ‘ri-ojani,

1025 2571 1093 2604 quo
1129 2561 1384 2604 quinquaginta
1413 2555 1559 2593 navib‘us
1591 2567 1744 2601 venerat,

1025 2613 1227 2646 Graecorum
1245 2622 1299 2645 res
1313 2613 1399 2645 adeo
1415 2613 1484 2644 suis
1500 2613 1650 2644 consiliis
1668 2623 1746 2653 pro-

1025 2665 1146 2706 movit,
1161 2668 1201 2697 ut
1224 2664 1463 2706 Agamemnon
1491 2662 1649 2704 profiteri
1675 2673 1742 2696 non

1026 2716 1217 2756 dubitaret,
1241 2726 1278 2748 se
1294 2715 1396 2747 Ilium
1413 2714 1508 2746 brevi
1526 2719 1745 2755 expugnatu-

1025 2781 1099 2803 rum
1115 2769 1237 2810 fuisse,
1251 2769 1277 2799 si
1290 2768 1412 2800 decem
1426 2767 1595 2800 Nestoras
1608 2767 1744 2802 habuis-

1025 2827 1092 2854 set.
1138 2820 1251 2854 Cicer.
1267 2819 1312 2851 de
1327 2819 1533 2851 Senectute.

1067 2870 1083 2893 θ
1107 2869 1344 2914 Μείιιρωὶίιιηι]
1366 2870 1459 2903 Urbs
1486 2870 1530 2904 ad
1545 2870 1656 2904 sinum
1672 2872 1740 2904 Ta-
