<?xml version="1.0" encoding="UTF-8"?>
<!DOCTYPE html PUBLIC "-//W3C//DTD XHTML 1.0 Transitional//EN"
    "http://www.w3.org/TR/xhtml1/DTD/xhtml1-transitional.dtd">
<html xmlns="http://www.w3.org/1999/xhtml" xml:lang="en" lang="en">
 <head>
  <title>
</title>
<meta http-equiv="Content-Type" content="text/html;charset=utf-8" />
  <meta name='ocr-system' content='tesseract 3.04.00' />
  <meta name='ocr-capabilities' content='ocr_page ocr_carea ocr_par ocr_line ocrx_word'/>
</head>
<body>
  <div class='ocr_page' id='page_1' title='image "./historiaromanaex00velluoft_0200.png"; bbox 0 0 2002 3250; ppageno 0'>
   <div class='ocr_carea' id='block_1_1' title="bbox 300 261 1848 1185">
    <p class='ocr_par' dir='ltr' id='par_1_1' title="bbox 356 261 1401 306">
     <span class='ocr_line' id='line_1_1' title="bbox 356 261 1401 306; baseline -0.001 -1"><span class='ocrx_word' id='word_1_1' title='bbox 356 261 442 306; x_wconf 78' lang='lat'><strong>188</strong></span> <span class='ocrx_word' id='word_1_2' title='bbox 801 274 843 304; x_wconf 87' lang='lat' dir='ltr'><strong>c.</strong></span> <span class='ocrx_word' id='word_1_3' title='bbox 875 272 1080 304; x_wconf 67' lang='lat' dir='ltr'><strong>vermen</strong></span> <span class='ocrx_word' id='word_1_4' title='bbox 1115 272 1401 306; x_wconf 56' lang='lat' dir='ltr'><strong>hireneum</strong></span> 
     </span>
    </p>

    <p class='ocr_par' dir='ltr' id='par_1_2' title="bbox 300 360 1845 889">
     <span class='ocr_line' id='line_1_2' title="bbox 357 367 1835 426; baseline 0.002 -15"><span class='ocrx_word' id='word_1_5' title='bbox 357 382 435 424; x_wconf 89' lang='lat' dir='ltr'><strong>per</strong></span> <span class='ocrx_word' id='word_1_6' title='bbox 461 368 528 411; x_wconf 89' lang='lat' dir='ltr'><strong>M.</strong></span> <span class='ocrx_word' id='word_1_7' title='bbox 549 367 802 424; x_wconf 86' lang='lat' dir='ltr'><strong>Agrippam</strong></span> <span class='ocrx_word' id='word_1_8' title='bbox 825 367 1014 413; x_wconf 87' lang='lat' dir='ltr'><strong>Leucas¹</strong></span> <span class='ocrx_word' id='word_1_9' title='bbox 1044 374 1323 424; x_wconf 80' lang='lat' dir='ltr'><strong>expugnata,</strong></span> <span class='ocrx_word' id='word_1_10' title='bbox 1354 369 1530 412; x_wconf 72' lang='lat' dir='ltr'><strong>Patraem</strong></span> <span class='ocrx_word' id='word_1_11' title='bbox 1560 373 1724 426; x_wconf 75' lang='lat' dir='ltr'><strong>captae,</strong></span> <span class='ocrx_word' id='word_1_12' title='bbox 1745 370 1835 422; x_wconf 71' lang='lat' dir='ltr'><strong>Oo-</strong></span> 
     </span>
     <span class='ocr_line' id='line_1_3' title="bbox 359 437 1839 493; baseline 0.002 -14"><span class='ocrx_word' id='word_1_13' title='bbox 359 437 539 479; x_wconf 82' lang='lat' dir='ltr'><strong>rinthus·</strong></span> <span class='ocrx_word' id='word_1_14' title='bbox 576 438 837 493; x_wconf 81' lang='lat' dir='ltr'><strong>occupata,¹</strong></span> <span class='ocrx_word' id='word_1_15' title='bbox 877 439 947 480; x_wconf 89' lang='lat' dir='ltr'><strong>bis</strong></span> <span class='ocrx_word' id='word_1_16' title='bbox 988 440 1087 480; x_wconf 87' lang='lat' dir='ltr'><strong>ante</strong></span> <span class='ocrx_word' id='word_1_17' title='bbox 1125 438 1329 481; x_wconf 90' lang='lat' dir='ltr'><strong>ultimum</strong></span> <span class='ocrx_word' id='word_1_18' title='bbox 1383 438 1626 481; x_wconf 84' lang='lat' dir='ltr'><strong>discrimen</strong></span> <span class='ocrx_word' id='word_1_19' title='bbox 1674 439 1839 482; x_wconf 86' lang='lat' dir='ltr'><strong>classis</strong></span> 
     </span>
     <span class='ocr_line' id='line_1_4' title="bbox 360 504 1843 561; baseline 0.001 -14"><span class='ocrx_word' id='word_1_20' title='bbox 360 504 553 547; x_wconf 87' lang='lat' dir='ltr'><strong>hostium</strong></span> <span class='ocrx_word' id='word_1_21' title='bbox 595 509 818 561; x_wconf 87' lang='lat' dir='ltr'><strong>superata.</strong></span> <span class='ocrx_word' id='word_1_22' title='bbox 875 505 999 548; x_wconf 57' lang='lat' dir='ltr'><strong>*Rex</strong></span> <span class='ocrx_word' id='word_1_23' title='bbox 1046 504 1318 561; x_wconf 86' lang='lat' dir='ltr'><strong>Amyntas²¹¹</strong></span> <span class='ocrx_word' id='word_1_24' title='bbox 1354 506 1544 549; x_wconf 85' lang='lat' dir='ltr'><strong>meliora</strong></span> <span class='ocrx_word' id='word_1_25' title='bbox 1582 510 1625 548; x_wconf 87' lang='lat' dir='ltr'><strong>et</strong></span> <span class='ocrx_word' id='word_1_26' title='bbox 1663 506 1843 549; x_wconf 79' lang='lat' dir='ltr'><strong>utiliora</strong></span> 
     </span>
     <span class='ocr_line' id='line_1_5' title="bbox 362 572 1844 629; baseline 0.001 -13"><span class='ocrx_word' id='word_1_27' title='bbox 362 578 563 625; x_wconf 89' lang='lat' dir='ltr'><strong>secutus,</strong></span> <span class='ocrx_word' id='word_1_28' title='bbox 583 572 709 629; x_wconf 84' lang='lat' dir='ltr'><strong>(nam</strong></span> <span class='ocrx_word' id='word_1_29' title='bbox 743 573 957 616; x_wconf 63' lang='lat' dir='ltr'><strong>Dellius⁰&gt;</strong></span> <span class='ocrx_word' id='word_1_30' title='bbox 974 574 1170 629; x_wconf 86' lang='lat' dir='ltr'><strong>exempli</strong></span> <span class='ocrx_word' id='word_1_31' title='bbox 1202 575 1273 617; x_wconf 86' lang='lat' dir='ltr'><strong>sui</strong></span> <span class='ocrx_word' id='word_1_32' title='bbox 1293 579 1444 626; x_wconf 82' lang='lat' dir='ltr'><strong>tenax,</strong></span> <span class='ocrx_word' id='word_1_33' title='bbox 1465 578 1516 618; x_wconf 91' lang='lat' dir='ltr'><strong>ut</strong></span> <span class='ocrx_word' id='word_1_34' title='bbox 1549 588 1578 617; x_wconf 89' lang='lat' dir='ltr'><strong>a</strong></span> <span class='ocrx_word' id='word_1_35' title='bbox 1605 575 1844 618; x_wconf 82' lang='lat' dir='ltr'><strong>Dolobella</strong></span> 
     </span>
     <span class='ocr_line' id='line_1_6' title="bbox 364 640 1843 698; baseline 0.001 -16"><span class='ocrx_word' id='word_1_36' title='bbox 364 641 482 691; x_wconf 44' lang='grc' dir='ltr'><strong>,ΗΜ</strong></span> <span class='ocrx_word' id='word_1_37' title='bbox 516 642 574 683; x_wconf 88' lang='lat' dir='ltr'><strong>ad</strong></span> <span class='ocrx_word' id='word_1_38' title='bbox 612 640 860 698; x_wconf 79' lang='lat' dir='ltr'><strong>Caesarem)</strong></span> <span class='ocrx_word' id='word_1_39' title='bbox 892 642 1047 697; x_wconf 85' lang='lat' dir='ltr'><strong>virque</strong></span> <span class='ocrx_word' id='word_1_40' title='bbox 1077 643 1350 685; x_wconf 84' lang='lat' dir='ltr'><strong>clarissimus</strong></span> <span class='ocrx_word' id='word_1_41' title='bbox 1384 643 1465 686; x_wconf 91' lang='lat' dir='ltr'><strong>Cn.</strong></span> <span class='ocrx_word' id='word_1_42' title='bbox 1489 643 1734 695; x_wconf 86' lang='lat' dir='ltr'><strong>Domitius,</strong></span> <span class='ocrx_word' id='word_1_43' title='bbox 1763 643 1843 698; x_wconf 91' lang='lat' dir='ltr'><strong>qui</strong></span> 
     </span>
     <span class='ocr_line' id='line_1_7' title="bbox 300 710 1844 767; baseline 0 -14"><span class='ocrx_word' id='word_1_44' title='bbox 300 752 303 753; x_wconf 16' lang='lat'><em>⁷</em></span> <span class='ocrx_word' id='word_1_45' title='bbox 365 710 490 752; x_wconf 89' lang='lat' dir='ltr'><strong>solus</strong></span> <span class='ocrx_word' id='word_1_46' title='bbox 512 710 867 753; x_wconf 83' lang='lat' dir='ltr'><strong>Antonianarum</strong></span> <span class='ocrx_word' id='word_1_47' title='bbox 902 712 1111 766; x_wconf 87' lang='lat' dir='ltr'><strong>partium,</strong></span> <span class='ocrx_word' id='word_1_48' title='bbox 1137 724 1363 767; x_wconf 84' lang='lat' dir='ltr'><strong>nunquam</strong></span> <span class='ocrx_word' id='word_1_49' title='bbox 1396 713 1610 766; x_wconf 82' lang='lat' dir='ltr'><strong>reginam,</strong></span> <span class='ocrx_word' id='word_1_50' title='bbox 1642 711 1732 753; x_wconf 88' lang='lat' dir='ltr'><strong>nisi</strong></span> <span class='ocrx_word' id='word_1_51' title='bbox 1764 723 1844 753; x_wconf 89' lang='lat' dir='ltr'><strong>no-</strong></span> 
     </span>
     <span class='ocr_line' id='line_1_8' title="bbox 362 778 1845 836; baseline 0.001 -16"><span class='ocrx_word' id='word_1_52' title='bbox 362 779 493 829; x_wconf 88' lang='lat' dir='ltr'><strong>minc,</strong></span> <span class='ocrx_word' id='word_1_53' title='bbox 514 778 742 831; x_wconf 86' lang='lat' dir='ltr'><strong>salutavit,</strong></span> <span class='ocrx_word' id='word_1_54' title='bbox 762 780 963 822; x_wconf 87' lang='lat' dir='ltr'><strong>maximo</strong></span> <span class='ocrx_word' id='word_1_55' title='bbox 985 784 1033 824; x_wconf 87' lang='lat' dir='ltr'><strong>et</strong></span> <span class='ocrx_word' id='word_1_56' title='bbox 1051 780 1274 836; x_wconf 75' lang='lat' dir='ltr'><strong>praecipiti</strong></span> <span class='ocrx_word' id='word_1_57' title='bbox 1295 781 1498 836; x_wconf 90' lang='lat' dir='ltr'><strong>periculo</strong></span> <span class='ocrx_word' id='word_1_58' title='bbox 1518 780 1765 824; x_wconf 83' lang='lat' dir='ltr'><strong>transmisit</strong></span> <span class='ocrx_word' id='word_1_59' title='bbox 1785 778 1845 822; x_wconf 86' lang='lat' dir='ltr'><strong>ad</strong></span> 
     </span>
     <span class='ocr_line' id='line_1_9' title="bbox 365 845 606 889; baseline -0.008 0"><span class='ocrx_word' id='word_1_60' title='bbox 365 845 606 889; x_wconf 81' lang='lat' dir='ltr'><strong>Caesarem.</strong></span> 
     </span>
    </p>

    <p class='ocr_par' dir='ltr' id='par_1_3' title="bbox 364 913 1848 1185">
     <span class='ocr_line' id='line_1_10' title="bbox 365 913 1847 970; baseline 0.003 -15"><span class='ocrx_word' id='word_1_61' title='bbox 365 930 368 951; x_wconf 88' lang='lat'>:</span> <span class='ocrx_word' id='word_1_62' title='bbox 421 914 494 956; x_wconf 88' lang='grc'><strong>85.</strong></span> <span class='ocrx_word' id='word_1_63' title='bbox 525 913 723 958; x_wconf 89' lang='lat' dir='ltr'><strong>Advenit</strong></span> <span class='ocrx_word' id='word_1_64' title='bbox 744 915 902 958; x_wconf 88' lang='lat' dir='ltr'><strong>deinde</strong></span> <span class='ocrx_word' id='word_1_65' title='bbox 929 917 1118 959; x_wconf 86' lang='lat' dir='ltr'><strong>maximi</strong></span> <span class='ocrx_word' id='word_1_66' title='bbox 1149 917 1470 960; x_wconf 68' lang='lat' dir='ltr'><strong>discriminis⁶1²</strong></span> <span class='ocrx_word' id='word_1_67' title='bbox 1497 917 1612 968; x_wconf 70' lang='lat' dir='ltr'><strong>dice,</strong></span> <span class='ocrx_word' id='word_1_68' title='bbox 1633 929 1723 970; x_wconf 91' lang='lat' dir='ltr'><strong>quo</strong></span> <span class='ocrx_word' id='word_1_69' title='bbox 1740 914 1847 959; x_wconf 77' lang='lat' dir='ltr'><strong>Cae·</strong></span> 
     </span>
     <span class='ocr_line' id='line_1_11' title="bbox 364 981 1848 1038; baseline -0.001 -13"><span class='ocrx_word' id='word_1_70' title='bbox 364 995 438 1025; x_wconf 85' lang='lat' dir='ltr'><strong>sar</strong></span> <span class='ocrx_word' id='word_1_71' title='bbox 465 981 797 1036; x_wconf 87' lang='lat' dir='ltr'><strong>Antoniusque,</strong></span> <span class='ocrx_word' id='word_1_72' title='bbox 831 983 1064 1037; x_wconf 88' lang='lat' dir='ltr'><strong>productis</strong></span> <span class='ocrx_word' id='word_1_73' title='bbox 1098 983 1339 1034; x_wconf 84' lang='lat' dir='ltr'><strong>classibus,</strong></span> <span class='ocrx_word' id='word_1_74' title='bbox 1358 994 1443 1038; x_wconf 89' lang='lat' dir='ltr'><strong>pro</strong></span> <span class='ocrx_word' id='word_1_75' title='bbox 1473 983 1617 1025; x_wconf 87' lang='lat' dir='ltr'><strong>salute</strong></span> <span class='ocrx_word' id='word_1_76' title='bbox 1643 983 1767 1034; x_wconf 87' lang='lat' dir='ltr'><strong>alter,</strong></span> <span class='ocrx_word' id='word_1_77' title='bbox 1800 983 1848 1024; x_wconf 90' lang='lat' dir='ltr'><strong>in</strong></span> 
     </span>
     <span class='ocr_line' id='line_1_12' title="bbox 364 1049 1848 1093; baseline 0.001 -2"><span class='ocrx_word' id='word_1_78' title='bbox 364 1050 542 1092; x_wconf 89' lang='lat' dir='ltr'><strong>ruinam</strong></span> <span class='ocrx_word' id='word_1_79' title='bbox 569 1049 679 1091; x_wconf 86' lang='lat' dir='ltr'><strong>alter</strong></span> <span class='ocrx_word' id='word_1_80' title='bbox 699 1053 911 1091; x_wconf 87' lang='lat' dir='ltr'><strong>terrarum</strong></span> <span class='ocrx_word' id='word_1_81' title='bbox 931 1051 1055 1093; x_wconf 86' lang='lat' dir='ltr'><strong>orbis</strong></span> <span class='ocrx_word' id='word_1_82' title='bbox 1082 1050 1362 1093; x_wconf 87' lang='lat' dir='ltr'><strong>dimicavere.</strong></span> <span class='ocrx_word' id='word_1_83' title='bbox 1424 1050 1644 1092; x_wconf 84' lang='lat' dir='ltr'><strong>Dextrum</strong></span> <span class='ocrx_word' id='word_1_84' title='bbox 1663 1050 1848 1092; x_wconf 84' lang='lat' dir='ltr'><strong>navium</strong></span> 
     </span>
     <span class='ocr_line' id='line_1_13' title="bbox 365 1116 1848 1185; baseline 0 -26"><span class='ocrx_word' id='word_1_85' title='bbox 365 1117 665 1160; x_wconf 67' lang='lat' dir='ltr'><strong>‚Iulianarum‘¹</strong></span> <span class='ocrx_word' id='word_1_86' title='bbox 698 1123 849 1160; x_wconf 77' lang='lat' dir='ltr'><strong>cornur</strong></span> <span class='ocrx_word' id='word_1_87' title='bbox 884 1118 950 1161; x_wconf 91' lang='lat' dir='ltr'><strong>M.</strong></span> <span class='ocrx_word' id='word_1_88' title='bbox 973 1119 1158 1162; x_wconf 80' lang='lat' dir='ltr'><strong>Lurio4⁵</strong></span> <span class='ocrx_word' id='word_1_89' title='bbox 1185 1119 1495 1170; x_wconf 86' lang='lat' dir='ltr'><strong>commissum,</strong></span> <span class='ocrx_word' id='word_1_90' title='bbox 1517 1119 1683 1162; x_wconf 80' lang='lat' dir='ltr'><strong>laevum</strong></span> <span class='ocrx_word' id='word_1_91' title='bbox 1704 1116 1848 1185; x_wconf 78' lang='lat' dir='ltr'><strong>Arun-</strong></span> 
     </span>
    </p>
   </div>
   <div class='ocr_carea' id='block_1_2' title="bbox 909 1229 1303 1340">
    <p class='ocr_par' dir='ltr' id='par_1_4' title="bbox 909 1229 1303 1340">
     <span class='ocr_line' id='line_1_14' title="bbox 909 1229 1303 1264; baseline -0.003 -1"><span class='ocrx_word' id='word_1_92' title='bbox 909 1229 926 1252; x_wconf 62' lang='grc' dir='ltr'><em>ἆ</em></span> <span class='ocrx_word' id='word_1_93' title='bbox 948 1230 1090 1263; x_wconf 81' lang='lat' dir='ltr'><strong>Maximi</strong></span> <span class='ocrx_word' id='word_1_94' title='bbox 1111 1229 1303 1264; x_wconf 74' lang='lat' dir='ltr'><strong>certaminis.</strong></span> 
     </span>
     <span class='ocr_line' id='line_1_15' title="bbox 987 1326 1229 1340; baseline 0 -2"><span class='ocrx_word' id='word_1_95' title='bbox 987 1326 1229 1340; x_wconf 61' lang='lat' dir='ltr'><strong>OO‘OONOOOOO</strong></span> 
     </span>
    </p>
   </div>
   <div class='ocr_carea' id='block_1_3' title="bbox 369 1390 982 1433">
    <p class='ocr_par' dir='ltr' id='par_1_5' title="bbox 369 1390 982 1433">
     <span class='ocr_line' id='line_1_16' title="bbox 369 1390 982 1433; baseline 0.003 -11"><span class='ocrx_word' id='word_1_96' title='bbox 369 1391 555 1433; x_wconf 82' lang='lat' dir='ltr'><strong>Wopkens.</strong></span> <span class='ocrx_word' id='word_1_97' title='bbox 567 1392 603 1424; x_wconf 87' lang='lat' dir='ltr'><strong>in</strong></span> <span class='ocrx_word' id='word_1_98' title='bbox 617 1390 721 1424; x_wconf 89' lang='lat' dir='ltr'><strong>Misc.</strong></span> <span class='ocrx_word' id='word_1_99' title='bbox 734 1391 823 1424; x_wconf 80' lang='lat' dir='ltr'><strong>obs.</strong></span> <span class='ocrx_word' id='word_1_100' title='bbox 836 1390 982 1425; x_wconf 80' lang='lat' dir='ltr'><strong>Vol.‘1x.</strong></span> 
     </span>
    </p>
   </div>
   <div class='ocr_carea' id='block_1_4' title="bbox 371 1391 1843 1477">
    <p class='ocr_par' dir='ltr' id='par_1_6' title="bbox 371 1391 1843 1477">
     <span class='ocr_line' id='line_1_17' title="bbox 997 1391 1843 1435; baseline 0 -11"><span class='ocrx_word' id='word_1_101' title='bbox 997 1402 1032 1435; x_wconf 88' lang='lat' dir='ltr'><strong>p.</strong></span> <span class='ocrx_word' id='word_1_102' title='bbox 1044 1394 1187 1424; x_wconf 80' lang='lat'><strong>270.-1</strong></span> <span class='ocrx_word' id='word_1_103' title='bbox 1204 1393 1262 1425; x_wconf 87' lang='lat' dir='ltr'><strong>Sic</strong></span> <span class='ocrx_word' id='word_1_104' title='bbox 1276 1392 1494 1434; x_wconf 83' lang='lat' dir='ltr'><strong>interpunxit</strong></span> <span class='ocrx_word' id='word_1_105' title='bbox 1509 1392 1574 1425; x_wconf 89' lang='lat' dir='ltr'><strong>Ed.</strong></span> <span class='ocrx_word' id='word_1_106' title='bbox 1588 1391 1695 1424; x_wconf 83' lang='lat' dir='ltr'><strong>Basil.</strong></span> <span class='ocrx_word' id='word_1_107' title='bbox 1712 1391 1778 1425; x_wconf 86' lang='lat' dir='ltr'><strong>Ed.</strong></span> <span class='ocrx_word' id='word_1_108' title='bbox 1789 1401 1843 1434; x_wconf 88' lang='lat' dir='ltr'><strong>pr.</strong></span> 
     </span>
     <span class='ocr_line' id='line_1_18' title="bbox 371 1434 894 1477; baseline 0.004 -12"><span class='ocrx_word' id='word_1_109' title='bbox 371 1434 543 1466; x_wconf 78' lang='lat' dir='ltr'><strong>&#39;Corinthus</strong></span> <span class='ocrx_word' id='word_1_110' title='bbox 563 1437 712 1476; x_wconf 83' lang='lat' dir='ltr'><strong>occupata</strong></span> <span class='ocrx_word' id='word_1_111' title='bbox 734 1434 794 1475; x_wconf 81' lang='lat' dir='ltr'><strong>bis,</strong></span> <span class='ocrx_word' id='word_1_112' title='bbox 808 1438 894 1477; x_wconf 84' lang='lat' dir='ltr'><strong>ante,</strong></span> 
     </span>
    </p>
   </div>
   <div class='ocr_carea' id='block_1_5' title="bbox 367 1435 1851 1692">
    <p class='ocr_par' dir='ltr' id='par_1_7' title="bbox 367 1435 1849 1691">
     <span class='ocr_line' id='line_1_19' title="bbox 909 1435 1843 1478; baseline 0 -10"><span class='ocrx_word' id='word_1_113' title='bbox 909 1437 1031 1476; x_wconf 59' lang='lat' dir='ltr'><strong>lfa—2</strong></span> <span class='ocrx_word' id='word_1_114' title='bbox 1048 1435 1106 1467; x_wconf 81' lang='lat' dir='ltr'><strong>Ita</strong></span> <span class='ocrx_word' id='word_1_115' title='bbox 1123 1435 1187 1468; x_wconf 87' lang='lat' dir='ltr'><strong>Ed.</strong></span> <span class='ocrx_word' id='word_1_116' title='bbox 1200 1436 1304 1468; x_wconf 88' lang='lat' dir='ltr'><strong>Basil.</strong></span> <span class='ocrx_word' id='word_1_117' title='bbox 1321 1435 1387 1469; x_wconf 89' lang='lat' dir='ltr'><strong>Ed.</strong></span> <span class='ocrx_word' id='word_1_118' title='bbox 1404 1445 1455 1477; x_wconf 87' lang='lat' dir='ltr'><strong>pr.</strong></span> <span class='ocrx_word' id='word_1_119' title='bbox 1475 1436 1681 1478; x_wconf 59' lang='lat' dir='ltr'><strong>Myrinis—3</strong></span> <span class='ocrx_word' id='word_1_120' title='bbox 1705 1435 1772 1468; x_wconf 87' lang='lat' dir='ltr'><strong>Ed.</strong></span> <span class='ocrx_word' id='word_1_121' title='bbox 1789 1445 1843 1477; x_wconf 88' lang='lat' dir='ltr'><strong>pr.</strong></span> 
     </span>
     <span class='ocr_line' id='line_1_20' title="bbox 367 1478 1846 1519; baseline 0.001 -10"><span class='ocrx_word' id='word_1_122' title='bbox 367 1487 442 1509; x_wconf 80' lang='lat' dir='ltr'><strong>nam</strong></span> <span class='ocrx_word' id='word_1_123' title='bbox 450 1479 488 1510; x_wconf 85' lang='lat' dir='ltr'><strong>de</strong></span> <span class='ocrx_word' id='word_1_124' title='bbox 496 1478 582 1510; x_wconf 81' lang='lat' dir='ltr'><strong>illias</strong></span> <span class='ocrx_word' id='word_1_125' title='bbox 592 1478 746 1519; x_wconf 73' lang='lat' dir='ltr'><strong>exemplis</strong></span> <span class='ocrx_word' id='word_1_126' title='bbox 756 1478 831 1510; x_wconf 79' lang='lat' dir='ltr'><strong>vitae</strong></span> <span class='ocrx_word' id='word_1_127' title='bbox 842 1482 965 1511; x_wconf 68' lang='lat' dir='ltr'><strong>naa-uta</strong></span> <span class='ocrx_word' id='word_1_128' title='bbox 977 1478 1141 1511; x_wconf 81' lang='lat' dir='ltr'><strong>Dolabella</strong></span> <span class='ocrx_word' id='word_1_129' title='bbox 1153 1480 1195 1510; x_wconf 87' lang='lat' dir='ltr'><strong>ad</strong></span> <span class='ocrx_word' id='word_1_130' title='bbox 1207 1480 1374 1511; x_wconf 68' lang='lat' dir='ltr'><strong>Caesarem.</strong></span> <span class='ocrx_word' id='word_1_131' title='bbox 1400 1479 1465 1511; x_wconf 86' lang='lat' dir='ltr'><strong>Ed.</strong></span> <span class='ocrx_word' id='word_1_132' title='bbox 1478 1479 1587 1514; x_wconf 85' lang='lat' dir='ltr'><strong>Basil.</strong></span> <span class='ocrx_word' id='word_1_133' title='bbox 1602 1479 1676 1510; x_wconf 81' lang='lat' dir='ltr'><strong>inde</strong></span> <span class='ocrx_word' id='word_1_134' title='bbox 1687 1478 1775 1510; x_wconf 79' lang='lat' dir='ltr'><strong>illius</strong></span> <span class='ocrx_word' id='word_1_135' title='bbox 1790 1488 1846 1510; x_wconf 82' lang='lat' dir='ltr'><strong>ex·</strong></span> 
     </span>
     <span class='ocr_line' id='line_1_21' title="bbox 367 1521 1847 1597; baseline 0.001 -2"><span class='ocrx_word' id='word_1_136' title='bbox 367 1521 645 1597; x_wconf 53' lang='grc' dir='ltr'><strong>ἓωῗῖοέῗιέἔὲῗῗῗ.</strong></span> <span class='ocrx_word' id='word_1_137' title='bbox 649 1521 825 1597; x_wconf 42' lang='lat' dir='ltr'><strong>”affigi</strong></span> <span class='ocrx_word' id='word_1_138' title='bbox 835 1522 1464 1607; x_wconf 55' lang='grc' dir='ltr'><strong>“ἔέιέῗ’ἕῗρ’ἒ’ἕὶὲηῗ“νῗῗι“ιὶἒῗίῗι”ἓῐέῗέα“ἰὲ</strong></span> <span class='ocrx_word' id='word_1_139' title='bbox 1473 1522 1847 1597; x_wconf 52' lang='grc' dir='ltr'><strong>θέἐὲῗὲἕέἑὶἓηῗῖῗὲξῖ</strong></span> 
     </span>
     <span class='ocr_line' id='line_1_22' title="bbox 369 1573 1851 1648; baseline 0.001 -11"><span class='ocrx_word' id='word_1_140' title='bbox 369 1573 472 1647; x_wconf 50' lang='lat' dir='ltr'><strong>quiam</strong></span> <span class='ocrx_word' id='word_1_141' title='bbox 489 1573 720 1639; x_wconf 57' lang='lat' dir='ltr'><strong>Ruhnioe-fds</strong></span> <span class='ocrx_word' id='word_1_142' title='bbox 731 1574 976 1637; x_wconf 54' lang='grc' dir='ltr'><strong>ειιίη-ιειίἰνετῑὶῐ</strong></span> <span class='ocrx_word' id='word_1_143' title='bbox 988 1611 1030 1637; x_wconf 85' lang='lat' dir='ltr'><strong>et</strong></span> <span class='ocrx_word' id='word_1_144' title='bbox 1045 1614 1090 1637; x_wconf 88' lang='lat' dir='ltr'><strong>ex</strong></span> <span class='ocrx_word' id='word_1_145' title='bbox 1105 1606 1229 1638; x_wconf 80' lang='lat' dir='ltr'><strong>eodem</strong></span> <span class='ocrx_word' id='word_1_146' title='bbox 1244 1608 1379 1638; x_wconf 79' lang='lat' dir='ltr'><strong>Seneca</strong></span> <span class='ocrx_word' id='word_1_147' title='bbox 1393 1588 1537 1648; x_wconf 75' lang='lat' dir='ltr'><strong>explere</strong></span> <span class='ocrx_word' id='word_1_148' title='bbox 1553 1608 1727 1640; x_wconf 78' lang='lat' dir='ltr'><strong>tentavit:</strong></span> <span class='ocrx_word' id='word_1_149' title='bbox 1751 1587 1851 1639; x_wconf 67' lang='lat' dir='ltr'><strong>Doia&#39;</strong></span> 
     </span>
     <span class='ocr_line' id='line_1_23' title="bbox 369 1648 1849 1692; baseline 0.001 -11"><span class='ocrx_word' id='word_1_150' title='bbox 369 1649 450 1681; x_wconf 78' lang='lat' dir='ltr'><strong>bella</strong></span> <span class='ocrx_word' id='word_1_151' title='bbox 470 1651 514 1681; x_wconf 79' lang='lat' dir='ltr'><strong>ad</strong></span> <span class='ocrx_word' id='word_1_152' title='bbox 531 1649 687 1690; x_wconf 78' lang='lat' dir='ltr'><strong>Cassium,</strong></span> <span class='ocrx_word' id='word_1_153' title='bbox 708 1659 729 1682; x_wconf 86' lang='lat' dir='ltr'><strong>a</strong></span> <span class='ocrx_word' id='word_1_154' title='bbox 745 1648 854 1680; x_wconf 84' lang='lat' dir='ltr'><strong>Cassio</strong></span> <span class='ocrx_word' id='word_1_155' title='bbox 875 1649 917 1681; x_wconf 80' lang='lat' dir='ltr'><strong>ad</strong></span> <span class='ocrx_word' id='word_1_156' title='bbox 931 1648 1117 1691; x_wconf 82' lang='lat' dir='ltr'><strong>Antonium,</strong></span> <span class='ocrx_word' id='word_1_157' title='bbox 1143 1649 1192 1681; x_wconf 85' lang='lat' dir='ltr'><strong>ita</strong></span> <span class='ocrx_word' id='word_1_158' title='bbox 1212 1648 1251 1681; x_wconf 81' lang='lat' dir='ltr'><strong>ab</strong></span> <span class='ocrx_word' id='word_1_159' title='bbox 1273 1649 1415 1682; x_wconf 77' lang='lat' dir='ltr'><strong>Antonio</strong></span> <span class='ocrx_word' id='word_1_160' title='bbox 1435 1651 1566 1683; x_wconf 80' lang='lat' dir='ltr'><strong>transiit</strong></span> <span class='ocrx_word' id='word_1_161' title='bbox 1578 1652 1621 1682; x_wconf 77' lang='lat' dir='ltr'><strong>aa</strong></span> <span class='ocrx_word' id='word_1_162' title='bbox 1635 1651 1803 1692; x_wconf 74' lang='lat' dir='ltr'><strong>Caesarem.</strong></span> <span class='ocrx_word' id='word_1_163' title='bbox 1804 1667 1849 1674; x_wconf 87' lang='lat'><strong>—-—</strong></span> 
     </span>
    </p>
   </div>
   <div class='ocr_carea' id='block_1_6' title="bbox 1045 1735 1189 1770">
    <p class='ocr_par' dir='ltr' id='par_1_8' title="bbox 1045 1735 1189 1770">
     <span class='ocr_line' id='line_1_24' title="bbox 1045 1735 1189 1770; baseline 0.007 -1"><span class='ocrx_word' id='word_1_164' title='bbox 1045 1735 1189 1770; x_wconf 81' lang='lat' dir='ltr'><strong>NOTAE</strong></span> 
     </span>
    </p>
   </div>
   <div class='ocr_carea' id='block_1_7' title="bbox 372 1810 1096 2927">
    <p class='ocr_par' dir='ltr' id='par_1_9' title="bbox 372 1810 1088 2049">
     <span class='ocr_line' id='line_1_25' title="bbox 416 1810 1086 1855; baseline 0.004 -12"><span class='ocrx_word' id='word_1_165' title='bbox 416 1810 424 1831; x_wconf 93' lang='lat'>¹</span> <span class='ocrx_word' id='word_1_166' title='bbox 445 1811 581 1854; x_wconf 81' lang='lat' dir='ltr'><strong>Leucas]</strong></span> <span class='ocrx_word' id='word_1_167' title='bbox 610 1811 702 1844; x_wconf 90' lang='lat' dir='ltr'><strong>Urbs</strong></span> <span class='ocrx_word' id='word_1_168' title='bbox 729 1812 849 1846; x_wconf 84' lang='lat' dir='ltr'><strong>insulae</strong></span> <span class='ocrx_word' id='word_1_169' title='bbox 859 1837 861 1839; x_wconf 77' lang='grc'>.</span> <span class='ocrx_word' id='word_1_170' title='bbox 873 1813 1086 1855; x_wconf 74' lang='lat' dir='ltr'><strong>cognominis</strong></span> 
     </span>
     <span class='ocr_line' id='line_1_26' title="bbox 372 1861 1087 1904; baseline 0.006 -11"><span class='ocrx_word' id='word_1_171' title='bbox 372 1862 407 1894; x_wconf 91' lang='lat' dir='ltr'><strong>in</strong></span> <span class='ocrx_word' id='word_1_172' title='bbox 423 1861 576 1904; x_wconf 79' lang='lat' dir='ltr'><strong>Graecia,</strong></span> <span class='ocrx_word' id='word_1_173' title='bbox 591 1862 704 1895; x_wconf 80' lang='lat' dir='ltr'><strong>Sainte</strong></span> <span class='ocrx_word' id='word_1_174' title='bbox 718 1864 844 1897; x_wconf 80' lang='lat' dir='ltr'><strong>Maure.</strong></span> <span class='ocrx_word' id='word_1_175' title='bbox 881 1863 1087 1897; x_wconf 64' lang='lat' dir='ltr'><strong>Acarnaniae</strong></span> 
     </span>
     <span class='ocr_line' id='line_1_27' title="bbox 373 1912 1088 1958; baseline 0.007 -14"><span class='ocrx_word' id='word_1_176' title='bbox 373 1912 526 1954; x_wconf 85' lang='lat' dir='ltr'><strong>adjacet,</strong></span> <span class='ocrx_word' id='word_1_177' title='bbox 541 1913 642 1956; x_wconf 90' lang='lat' dir='ltr'><strong>eique</strong></span> <span class='ocrx_word' id='word_1_178' title='bbox 659 1918 765 1955; x_wconf 87' lang='lat' dir='ltr'><strong>ponte</strong></span> <span class='ocrx_word' id='word_1_179' title='bbox 774 1915 947 1958; x_wconf 85' lang='lat' dir='ltr'><strong>jungitur.</strong></span> <span class='ocrx_word' id='word_1_180' title='bbox 985 1915 1088 1949; x_wconf 87' lang='lat' dir='ltr'><strong>Unde</strong></span> 
     </span>
     <span class='ocr_line' id='line_1_28' title="bbox 373 1962 1090 2009; baseline 0.007 -14"><span class='ocrx_word' id='word_1_181' title='bbox 373 1962 577 2006; x_wconf 87' lang='lat' dir='ltr'><strong>quibusdam</strong></span> <span class='ocrx_word' id='word_1_182' title='bbox 602 1965 784 2006; x_wconf 85' lang='lat' dir='ltr'><strong>peninsula</strong></span> <span class='ocrx_word' id='word_1_183' title='bbox 806 1976 991 2009; x_wconf 85' lang='lat' dir='ltr'><strong>perperam</strong></span> <span class='ocrx_word' id='word_1_184' title='bbox 1006 1966 1090 2000; x_wconf 88' lang='lat' dir='ltr'><strong>dici-</strong></span> 
     </span>
     <span class='ocr_line' id='line_1_29' title="bbox 375 2021 445 2050; baseline -0.017 -1"><span class='ocrx_word' id='word_1_185' title='bbox 375 2021 445 2050; x_wconf 86' lang='lat' dir='ltr'><strong>tur.</strong></span> 
     </span>
    </p>

    <p class='ocr_par' dir='ltr' id='par_1_10' title="bbox 373 2067 1092 2214">
     <span class='ocr_line' id='line_1_30' title="bbox 417 2067 1092 2113; baseline 0.006 -14"><span class='ocrx_word' id='word_1_186' title='bbox 417 2072 441 2088; x_wconf 84' lang='lat'><strong>¹¹¹</strong></span> <span class='ocrx_word' id='word_1_187' title='bbox 465 2067 592 2110; x_wconf 84' lang='lat' dir='ltr'><strong>Palrae]</strong></span> <span class='ocrx_word' id='word_1_188' title='bbox 615 2068 706 2101; x_wconf 90' lang='lat' dir='ltr'><strong>Urbs</strong></span> <span class='ocrx_word' id='word_1_189' title='bbox 718 2068 881 2102; x_wconf 84' lang='lat' dir='ltr'><strong>Achaiae</strong></span> <span class='ocrx_word' id='word_1_190' title='bbox 872 2079 907 2102; x_wconf 90' lang='lat' dir='ltr'><strong>m</strong></span> <span class='ocrx_word' id='word_1_191' title='bbox 920 2070 1092 2113; x_wconf 86' lang='lat' dir='ltr'><strong>Pelopon·</strong></span> 
     </span>
     <span class='ocr_line' id='line_1_31' title="bbox 373 2119 1091 2161; baseline 0.006 -11"><span class='ocrx_word' id='word_1_192' title='bbox 373 2127 469 2159; x_wconf 87' lang='lat' dir='ltr'><strong>neso,</strong></span> <span class='ocrx_word' id='word_1_193' title='bbox 484 2119 579 2161; x_wconf 86' lang='lat' dir='ltr'><strong>apud</strong></span> <span class='ocrx_word' id='word_1_194' title='bbox 593 2128 630 2152; x_wconf 81' lang='lat' dir='ltr'><strong>os</strong></span> <span class='ocrx_word' id='word_1_195' title='bbox 645 2119 739 2152; x_wconf 86' lang='lat' dir='ltr'><strong>sinus</strong></span> <span class='ocrx_word' id='word_1_196' title='bbox 756 2120 993 2154; x_wconf 85' lang='lat' dir='ltr'><strong>Corinthiaci.</strong></span> <span class='ocrx_word' id='word_1_197' title='bbox 1018 2121 1091 2154; x_wconf 89' lang='lat' dir='ltr'><strong>vul-</strong></span> 
     </span>
     <span class='ocr_line' id='line_1_32' title="bbox 377 2162 581 2214; baseline 0.005 -10"><span class='ocrx_word' id='word_1_198' title='bbox 377 2181 436 2214; x_wconf 79' lang='lat' dir='ltr'><strong>go,</strong></span> <span class='ocrx_word' id='word_1_199' title='bbox 450 2162 581 2205; x_wconf 67' lang='lat' dir='ltr'><strong>Patras.</strong></span> 
     </span>
    </p>

    <p class='ocr_par' dir='ltr' id='par_1_11' title="bbox 376 2222 1092 2307">
     <span class='ocr_line' id='line_1_33' title="bbox 418 2222 1092 2267; baseline 0.007 -13"><span class='ocrx_word' id='word_1_200' title='bbox 418 2227 434 2243; x_wconf 83' lang='lat'><strong>¹¹</strong></span> <span class='ocrx_word' id='word_1_201' title='bbox 458 2223 532 2255; x_wconf 80' lang='lat' dir='ltr'><strong>Rex</strong></span> <span class='ocrx_word' id='word_1_202' title='bbox 552 2222 726 2266; x_wconf 78' lang='lat' dir='ltr'><strong>Amyntas]</strong></span> <span class='ocrx_word' id='word_1_203' title='bbox 749 2223 891 2258; x_wconf 87' lang='lat' dir='ltr'><strong>Scilicet</strong></span> <span class='ocrx_word' id='word_1_204' title='bbox 906 2225 1092 2267; x_wconf 75' lang='lat' dir='ltr'><strong>Lycaoniae</strong></span> 
     </span>
     <span class='ocr_line' id='line_1_34' title="bbox 376 2273 593 2307; baseline 0.005 -1"><span class='ocrx_word' id='word_1_205' title='bbox 376 2277 414 2306; x_wconf 88' lang='lat' dir='ltr'><strong>et</strong></span> <span class='ocrx_word' id='word_1_206' title='bbox 430 2273 593 2307; x_wconf 86' lang='lat' dir='ltr'><strong>Galatiae.</strong></span> 
     </span>
    </p>

    <p class='ocr_par' dir='ltr' id='par_1_12' title="bbox 375 2324 1096 2927">
     <span class='ocr_line' id='line_1_35' title="bbox 419 2324 1091 2368; baseline 0.003 -11"><span class='ocrx_word' id='word_1_207' title='bbox 419 2329 435 2345; x_wconf 85' lang='lat'>⁰</span> <span class='ocrx_word' id='word_1_208' title='bbox 458 2324 545 2357; x_wconf 87' lang='lat' dir='ltr'><strong>Nam</strong></span> <span class='ocrx_word' id='word_1_209' title='bbox 554 2324 695 2367; x_wconf 83' lang='lat' dir='ltr'><strong>Dellius]</strong></span> <span class='ocrx_word' id='word_1_210' title='bbox 710 2325 753 2358; x_wconf 85' lang='lat' dir='ltr'><strong>In</strong></span> <span class='ocrx_word' id='word_1_211' title='bbox 765 2325 983 2368; x_wconf 77' lang='lat' dir='ltr'><strong>autographo</strong></span> <span class='ocrx_word' id='word_1_212' title='bbox 993 2330 1091 2360; x_wconf 83' lang='lat' dir='ltr'><strong>erat:</strong></span> 
     </span>
     <span class='ocr_line' id='line_1_36' title="bbox 375 2375 1091 2418; baseline 0.003 -11"><span class='ocrx_word' id='word_1_213' title='bbox 375 2385 448 2408; x_wconf 87' lang='lat' dir='ltr'><strong>nam</strong></span> <span class='ocrx_word' id='word_1_214' title='bbox 461 2376 499 2408; x_wconf 84' lang='lat' dir='ltr'><strong>de</strong></span> <span class='ocrx_word' id='word_1_215' title='bbox 514 2375 602 2408; x_wconf 75' lang='lat' dir='ltr'><strong>illius</strong></span> <span class='ocrx_word' id='word_1_216' title='bbox 617 2376 768 2418; x_wconf 80' lang='lat' dir='ltr'><strong>exemplis</strong></span> <span class='ocrx_word' id='word_1_217' title='bbox 789 2377 864 2409; x_wconf 77' lang='lat' dir='ltr'><strong>vitae</strong></span> <span class='ocrx_word' id='word_1_218' title='bbox 878 2380 1001 2410; x_wconf 76' lang='lat' dir='ltr'><strong>naxula</strong></span> <span class='ocrx_word' id='word_1_219' title='bbox 1022 2377 1091 2409; x_wconf 90' lang='lat' dir='ltr'><strong>Do-</strong></span> 
     </span>
     <span class='ocr_line' id='line_1_37' title="bbox 377 2426 1092 2471; baseline 0.004 -13"><span class='ocrx_word' id='word_1_220' title='bbox 377 2426 499 2459; x_wconf 77' lang='lat' dir='ltr'><strong>labella.</strong></span> <span class='ocrx_word' id='word_1_221' title='bbox 547 2426 640 2459; x_wconf 91' lang='lat' dir='ltr'><strong>Hinc</strong></span> <span class='ocrx_word' id='word_1_222' title='bbox 662 2436 684 2459; x_wconf 81' lang='lat' dir='ltr'><strong>a</strong></span> <span class='ocrx_word' id='word_1_223' title='bbox 705 2427 822 2468; x_wconf 82' lang='lat' dir='ltr'><strong>Lipsio</strong></span> <span class='ocrx_word' id='word_1_224' title='bbox 848 2434 978 2469; x_wconf 86' lang='lat' dir='ltr'><strong>praeter</strong></span> <span class='ocrx_word' id='word_1_225' title='bbox 1003 2437 1092 2471; x_wconf 86' lang='lat' dir='ltr'><strong>eam,</strong></span> 
     </span>
     <span class='ocr_line' id='line_1_38' title="bbox 378 2477 1093 2520; baseline 0.004 -12"><span class='ocrx_word' id='word_1_226' title='bbox 378 2486 479 2519; x_wconf 79' lang='lat' dir='ltr'><strong>quam</strong></span> <span class='ocrx_word' id='word_1_227' title='bbox 507 2480 627 2509; x_wconf 83' lang='lat' dir='ltr'><strong>textus</strong></span> <span class='ocrx_word' id='word_1_228' title='bbox 653 2477 870 2519; x_wconf 86' lang='lat' dir='ltr'><strong>suppeditat,</strong></span> <span class='ocrx_word' id='word_1_229' title='bbox 893 2477 1093 2520; x_wconf 81' lang='lat' dir='ltr'><strong>excogitata</strong></span> 
     </span>
     <span class='ocr_line' id='line_1_39' title="bbox 378 2527 1092 2569; baseline 0.001 -9"><span class='ocrx_word' id='word_1_230' title='bbox 378 2527 508 2569; x_wconf 86' lang='lat' dir='ltr'><strong>duplex</strong></span> <span class='ocrx_word' id='word_1_231' title='bbox 534 2527 652 2560; x_wconf 90' lang='lat' dir='ltr'><strong>lectio.</strong></span> <span class='ocrx_word' id='word_1_232' title='bbox 697 2530 730 2560; x_wconf 93' lang='lat'><strong>1.</strong></span> <span class='ocrx_word' id='word_1_233' title='bbox 746 2528 831 2560; x_wconf 87' lang='lat' dir='ltr'><strong>Nam</strong></span> <span class='ocrx_word' id='word_1_234' title='bbox 848 2527 975 2560; x_wconf 81' lang='lat' dir='ltr'><strong>Dellius</strong></span> <span class='ocrx_word' id='word_1_235' title='bbox 988 2538 1092 2561; x_wconf 79' lang='lat' dir='ltr'><strong>exem·</strong></span> 
     </span>
     <span class='ocr_line' id='line_1_40' title="bbox 377 2577 1094 2620; baseline 0.003 -10"><span class='ocrx_word' id='word_1_236' title='bbox 377 2579 423 2620; x_wconf 82' lang='lat' dir='ltr'><strong>pli</strong></span> <span class='ocrx_word' id='word_1_237' title='bbox 437 2578 490 2612; x_wconf 80' lang='lat' dir='ltr'><strong>sui</strong></span> <span class='ocrx_word' id='word_1_238' title='bbox 501 2582 600 2611; x_wconf 75' lang='lat' dir='ltr'><strong>tenax</strong></span> <span class='ocrx_word' id='word_1_239' title='bbox 611 2581 642 2611; x_wconf 84' lang='lat' dir='ltr'><strong>et</strong></span> <span class='ocrx_word' id='word_1_240' title='bbox 657 2578 711 2610; x_wconf 83' lang='lat' dir='ltr'><strong>illo</strong></span> <span class='ocrx_word' id='word_1_241' title='bbox 727 2577 817 2619; x_wconf 83' lang='lat' dir='ltr'><strong>bello,</strong></span> <span class='ocrx_word' id='word_1_242' title='bbox 830 2578 941 2620; x_wconf 72' lang='lat' dir='ltr'><strong>virque</strong></span> <span class='ocrx_word' id='word_1_243' title='bbox 954 2579 1094 2612; x_wconf 79' lang='lat' dir='ltr'><strong>clarissi-</strong></span> 
     </span>
     <span class='ocr_line' id='line_1_41' title="bbox 379 2628 1094 2671; baseline 0 -9"><span class='ocrx_word' id='word_1_244' title='bbox 379 2638 449 2662; x_wconf 76' lang='lat' dir='ltr'><strong>mas</strong></span> <span class='ocrx_word' id='word_1_245' title='bbox 462 2628 483 2648; x_wconf 72' lang='lat'><strong>⁴*</strong></span> <span class='ocrx_word' id='word_1_246' title='bbox 494 2628 514 2648; x_wconf 80' lang='lat'><em>*</em></span> <span class='ocrx_word' id='word_1_247' title='bbox 524 2628 544 2648; x_wconf 77' lang='grc'><strong>“’</strong></span> <span class='ocrx_word' id='word_1_248' title='bbox 563 2628 776 2669; x_wconf 71' lang='lat' dir='ltr'><strong>transmisere,</strong></span> <span class='ocrx_word' id='word_1_249' title='bbox 797 2638 862 2671; x_wconf 87' lang='lat' dir='ltr'><strong>pro</strong></span> <span class='ocrx_word' id='word_1_250' title='bbox 887 2629 1094 2671; x_wconf 78' lang='lat' dir='ltr'><strong>transmisit,</strong></span> 
     </span>
     <span class='ocr_line' id='line_1_42' title="bbox 379 2678 1095 2722; baseline 0.001 -11"><span class='ocrx_word' id='word_1_251' title='bbox 379 2681 422 2711; x_wconf 82' lang='lat' dir='ltr'><strong>ad</strong></span> <span class='ocrx_word' id='word_1_252' title='bbox 437 2680 607 2712; x_wconf 74' lang='lat' dir='ltr'><strong>Caesarem.</strong></span> <span class='ocrx_word' id='word_1_253' title='bbox 650 2681 683 2712; x_wconf 85' lang='lat'><strong>2.</strong></span> <span class='ocrx_word' id='word_1_254' title='bbox 702 2679 791 2713; x_wconf 80' lang='lat' dir='ltr'><strong>Quae</strong></span> <span class='ocrx_word' id='word_1_255' title='bbox 805 2678 888 2711; x_wconf 87' lang='lat' dir='ltr'><strong>mihi</strong></span> <span class='ocrx_word' id='word_1_256' title='bbox 903 2680 1010 2722; x_wconf 79' lang='lat' dir='ltr'><strong>magis</strong></span> <span class='ocrx_word' id='word_1_257' title='bbox 1023 2680 1095 2722; x_wconf 87' lang='lat' dir='ltr'><strong>pla-</strong></span> 
     </span>
     <span class='ocr_line' id='line_1_43' title="bbox 381 2729 1094 2772; baseline 0.003 -10"><span class='ocrx_word' id='word_1_258' title='bbox 381 2734 453 2772; x_wconf 86' lang='lat' dir='ltr'><strong>cet,</strong></span> <span class='ocrx_word' id='word_1_259' title='bbox 468 2739 604 2762; x_wconf 88' lang='lat' dir='ltr'><strong>sensum</strong></span> <span class='ocrx_word' id='word_1_260' title='bbox 622 2729 727 2771; x_wconf 78' lang='lat' dir='ltr'><strong>juvat</strong></span> <span class='ocrx_word' id='word_1_261' title='bbox 749 2729 1043 2770; x_wconf 71' lang='lat' dir='ltr'><strong>distinctiuncula,</strong></span> <span class='ocrx_word' id='word_1_262' title='bbox 1057 2735 1094 2764; x_wconf 88' lang='lat' dir='ltr'><strong>et</strong></span> 
     </span>
     <span class='ocr_line' id='line_1_44' title="bbox 380 2779 1096 2824; baseline 0.004 -13"><span class='ocrx_word' id='word_1_263' title='bbox 380 2779 581 2820; x_wconf 84' lang='lat' dir='ltr'><strong>parenthesi</strong></span> <span class='ocrx_word' id='word_1_264' title='bbox 603 2780 670 2812; x_wconf 86' lang='lat' dir='ltr'><strong>hoc</strong></span> <span class='ocrx_word' id='word_1_265' title='bbox 691 2780 815 2814; x_wconf 86' lang='lat' dir='ltr'><strong>modo:</strong></span> <span class='ocrx_word' id='word_1_266' title='bbox 840 2781 914 2813; x_wconf 77' lang='lat' dir='ltr'><strong>Rex</strong></span> <span class='ocrx_word' id='word_1_267' title='bbox 938 2781 1096 2824; x_wconf 77' lang='lat' dir='ltr'><strong>Amyntas</strong></span> 
     </span>
     <span class='ocr_line' id='line_1_45' title="bbox 381 2829 1096 2873; baseline 0.006 -13"><span class='ocrx_word' id='word_1_268' title='bbox 381 2829 509 2861; x_wconf 80' lang='lat' dir='ltr'><strong>meliora</strong></span> <span class='ocrx_word' id='word_1_269' title='bbox 523 2832 555 2862; x_wconf 79' lang='lat' dir='ltr'><strong>et</strong></span> <span class='ocrx_word' id='word_1_270' title='bbox 569 2829 699 2862; x_wconf 79' lang='lat' dir='ltr'><strong>utiliora</strong></span> <span class='ocrx_word' id='word_1_271' title='bbox 716 2834 840 2864; x_wconf 80' lang='lat' dir='ltr'><strong>secutus</strong></span> <span class='ocrx_word' id='word_1_272' title='bbox 855 2831 880 2873; x_wconf 83' lang='lat'><em>(</em></span> <span class='ocrx_word' id='word_1_273' title='bbox 880 2841 954 2865; x_wconf 83' lang='lat' dir='ltr'><strong>nam</strong></span> <span class='ocrx_word' id='word_1_274' title='bbox 971 2832 1096 2864; x_wconf 80' lang='lat' dir='ltr'><strong>Dellius</strong></span> 
     </span>
     <span class='ocr_line' id='line_1_46' title="bbox 385 2880 1096 2927; baseline 0.008 -15"><span class='ocrx_word' id='word_1_275' title='bbox 385 2880 519 2922; x_wconf 72' lang='lat' dir='ltr'><strong>exempli</strong></span> <span class='ocrx_word' id='word_1_276' title='bbox 534 2881 584 2914; x_wconf 73' lang='lat' dir='ltr'><strong>sui</strong></span> <span class='ocrx_word' id='word_1_277' title='bbox 597 2884 696 2914; x_wconf 84' lang='lat' dir='ltr'><strong>tenax</strong></span> <span class='ocrx_word' id='word_1_278' title='bbox 704 2880 773 2922; x_wconf 78' lang='lat' dir='ltr'><strong>snit</strong></span> <span class='ocrx_word' id='word_1_279' title='bbox 788 2885 816 2915; x_wconf 86' lang='lat' dir='ltr'><strong>el</strong></span> <span class='ocrx_word' id='word_1_280' title='bbox 836 2882 892 2916; x_wconf 84' lang='lat' dir='ltr'><strong>illo</strong></span> <span class='ocrx_word' id='word_1_281' title='bbox 917 2882 1017 2927; x_wconf 85' lang='lat' dir='ltr'><strong>bello)</strong></span> <span class='ocrx_word' id='word_1_282' title='bbox 1031 2883 1096 2920; x_wconf 83' lang='lat' dir='ltr'><strong>vir-</strong></span> 
     </span>
    </p>
   </div>
   <div class='ocr_carea' id='block_1_8' title="bbox 1140 1810 1862 2926">
    <p class='ocr_par' dir='ltr' id='par_1_13' title="bbox 1140 1810 1859 2362">
     <span class='ocr_line' id='line_1_47' title="bbox 1140 1810 1853 1856; baseline -0.004 -10"><span class='ocrx_word' id='word_1_283' title='bbox 1140 1823 1200 1856; x_wconf 76' lang='lat' dir='ltr'><strong>que</strong></span> <span class='ocrx_word' id='word_1_284' title='bbox 1228 1813 1421 1846; x_wconf 76' lang='lat' dir='ltr'><strong>clarissimus</strong></span> <span class='ocrx_word' id='word_1_285' title='bbox 1444 1813 1560 1845; x_wconf 79' lang='lat' dir='ltr'><strong>Cnaeus</strong></span> <span class='ocrx_word' id='word_1_286' title='bbox 1584 1811 1750 1844; x_wconf 78' lang='lat' dir='ltr'><strong>Domitius</strong></span> <span class='ocrx_word' id='word_1_287' title='bbox 1771 1810 1853 1831; x_wconf 52' lang='grc' dir='ltr'><strong>η’*</strong></span> 
     </span>
     <span class='ocr_line' id='line_1_48' title="bbox 1141 1862 1858 1905; baseline -0.003 -8"><span class='ocrx_word' id='word_1_288' title='bbox 1141 1864 1346 1897; x_wconf 70' lang='lat' dir='ltr'><strong>transmisere</strong></span> <span class='ocrx_word' id='word_1_289' title='bbox 1373 1865 1414 1896; x_wconf 83' lang='lat' dir='ltr'><strong>ad</strong></span> <span class='ocrx_word' id='word_1_290' title='bbox 1441 1865 1608 1896; x_wconf 75' lang='lat' dir='ltr'><strong>Caemrem.</strong></span> <span class='ocrx_word' id='word_1_291' title='bbox 1660 1862 1768 1905; x_wconf 87' lang='lat' dir='ltr'><strong>Cujus</strong></span> <span class='ocrx_word' id='word_1_292' title='bbox 1788 1863 1858 1895; x_wconf 86' lang='lat' dir='ltr'><strong>lec-</strong></span> 
     </span>
     <span class='ocr_line' id='line_1_49' title="bbox 1143 1912 1857 1960; baseline -0.001 -13"><span class='ocrx_word' id='word_1_293' title='bbox 1143 1915 1245 1948; x_wconf 83' lang='lat' dir='ltr'><strong>tionis</strong></span> <span class='ocrx_word' id='word_1_294' title='bbox 1261 1925 1396 1948; x_wconf 87' lang='lat' dir='ltr'><strong>sensum</strong></span> <span class='ocrx_word' id='word_1_295' title='bbox 1407 1912 1518 1960; x_wconf 69' lang='lat' dir='ltr'><strong>adbuc</strong></span> <span class='ocrx_word' id='word_1_296' title='bbox 1527 1913 1666 1947; x_wconf 84' lang='lat' dir='ltr'><strong>facilius</strong></span> <span class='ocrx_word' id='word_1_297' title='bbox 1678 1914 1744 1946; x_wconf 83' lang='lat' dir='ltr'><strong>erit</strong></span> <span class='ocrx_word' id='word_1_298' title='bbox 1755 1914 1857 1946; x_wconf 85' lang='lat' dir='ltr'><strong>intel-</strong></span> 
     </span>
     <span class='ocr_line' id='line_1_50' title="bbox 1143 1964 1856 2009; baseline 0 -12"><span class='ocrx_word' id='word_1_299' title='bbox 1143 1965 1264 2007; x_wconf 85' lang='lat' dir='ltr'><strong>ligere,</strong></span> <span class='ocrx_word' id='word_1_300' title='bbox 1297 1965 1327 1998; x_wconf 82' lang='lat' dir='ltr'><strong>si</strong></span> <span class='ocrx_word' id='word_1_301' title='bbox 1354 1966 1399 1998; x_wconf 87' lang='lat' dir='ltr'><strong>de</strong></span> <span class='ocrx_word' id='word_1_302' title='bbox 1429 1965 1546 2009; x_wconf 86' lang='lat' dir='ltr'><strong>Dellio</strong></span> <span class='ocrx_word' id='word_1_303' title='bbox 1574 1974 1686 2007; x_wconf 82' lang='lat' dir='ltr'><strong>pauca</strong></span> <span class='ocrx_word' id='word_1_304' title='bbox 1722 1964 1856 2009; x_wconf 75' lang='lat' dir='ltr'><strong>dixero.</strong></span> 
     </span>
     <span class='ocr_line' id='line_1_51' title="bbox 1145 2012 1857 2049; baseline 0.001 -1"><span class='ocrx_word' id='word_1_305' title='bbox 1145 2018 1177 2048; x_wconf 86' lang='lat'><strong>1.</strong></span> <span class='ocrx_word' id='word_1_306' title='bbox 1200 2015 1400 2049; x_wconf 84' lang='lat' dir='ltr'><strong>Historicus</strong></span> <span class='ocrx_word' id='word_1_307' title='bbox 1419 2014 1499 2048; x_wconf 84' lang='lat' dir='ltr'><strong>fuit.</strong></span> <span class='ocrx_word' id='word_1_308' title='bbox 1518 2012 1732 2049; x_wconf 40' lang='lat' dir='ltr'><strong>*firmum</strong></span> <span class='ocrx_word' id='word_1_309' title='bbox 1748 2019 1857 2049; x_wconf 79' lang='lat' dir='ltr'><strong>trans-</strong></span> 
     </span>
     <span class='ocr_line' id='line_1_52' title="bbox 1143 2065 1857 2110; baseline 0 -12"><span class='ocrx_word' id='word_1_310' title='bbox 1143 2065 1238 2109; x_wconf 84' lang='lat' dir='ltr'><strong>fuga,</strong></span> <span class='ocrx_word' id='word_1_311' title='bbox 1252 2066 1296 2100; x_wconf 90' lang='lat' dir='ltr'><strong>ob</strong></span> <span class='ocrx_word' id='word_1_312' title='bbox 1309 2076 1451 2110; x_wconf 81' lang='lat' dir='ltr'><strong>eamque</strong></span> <span class='ocrx_word' id='word_1_313' title='bbox 1467 2076 1541 2099; x_wconf 88' lang='lat' dir='ltr'><strong>rem</strong></span> <span class='ocrx_word' id='word_1_314' title='bbox 1553 2066 1712 2108; x_wconf 80' lang='lat' dir='ltr'><strong>insignis,</strong></span> <span class='ocrx_word' id='word_1_315' title='bbox 1727 2070 1766 2099; x_wconf 89' lang='lat' dir='ltr'><strong>et</strong></span> <span class='ocrx_word' id='word_1_316' title='bbox 1779 2076 1857 2098; x_wconf 81' lang='lat' dir='ltr'><strong>aevo</strong></span> 
     </span>
     <span class='ocr_line' id='line_1_53' title="bbox 1144 2116 1855 2159; baseline 0 -10"><span class='ocrx_word' id='word_1_317' title='bbox 1144 2117 1204 2149; x_wconf 91' lang='lat' dir='ltr'><strong>illo</strong></span> <span class='ocrx_word' id='word_1_318' title='bbox 1220 2118 1330 2159; x_wconf 84' lang='lat' dir='ltr'><strong>palam</strong></span> <span class='ocrx_word' id='word_1_319' title='bbox 1345 2117 1474 2150; x_wconf 86' lang='lat' dir='ltr'><strong>irrisus.</strong></span> <span class='ocrx_word' id='word_1_320' title='bbox 1517 2120 1551 2151; x_wconf 79' lang='lat'><strong>3.</strong></span> <span class='ocrx_word' id='word_1_321' title='bbox 1566 2116 1598 2149; x_wconf 91' lang='lat' dir='ltr'><strong>A</strong></span> <span class='ocrx_word' id='word_1_322' title='bbox 1613 2117 1795 2151; x_wconf 76' lang='lat' dir='ltr'><strong>Dolabella</strong></span> <span class='ocrx_word' id='word_1_323' title='bbox 1810 2117 1855 2150; x_wconf 83' lang='lat' dir='ltr'><strong>ad</strong></span> 
     </span>
     <span class='ocr_line' id='line_1_54' title="bbox 1146 2167 1853 2210; baseline -0.003 -8"><span class='ocrx_word' id='word_1_324' title='bbox 1146 2168 1315 2210; x_wconf 74' lang='lat' dir='ltr'><strong>Cassium,</strong></span> <span class='ocrx_word' id='word_1_325' title='bbox 1332 2178 1352 2201; x_wconf 80' lang='lat' dir='ltr'><strong>a</strong></span> <span class='ocrx_word' id='word_1_326' title='bbox 1369 2168 1489 2202; x_wconf 85' lang='lat' dir='ltr'><strong>Cassio</strong></span> <span class='ocrx_word' id='word_1_327' title='bbox 1505 2168 1550 2201; x_wconf 70' lang='lat' dir='ltr'><strong>ad</strong></span> <span class='ocrx_word' id='word_1_328' title='bbox 1563 2168 1793 2207; x_wconf 78' lang='lat' dir='ltr'><strong>Dolabellam,</strong></span> <span class='ocrx_word' id='word_1_329' title='bbox 1807 2167 1853 2200; x_wconf 80' lang='lat' dir='ltr'><strong>ab</strong></span> 
     </span>
     <span class='ocr_line' id='line_1_55' title="bbox 1146 2217 1859 2252; baseline -0.003 0"><span class='ocrx_word' id='word_1_330' title='bbox 1146 2219 1299 2252; x_wconf 88' lang='lat' dir='ltr'><strong>Antonio</strong></span> <span class='ocrx_word' id='word_1_331' title='bbox 1314 2219 1451 2252; x_wconf 78' lang='lat' dir='ltr'><strong>demum</strong></span> <span class='ocrx_word' id='word_1_332' title='bbox 1477 2218 1667 2250; x_wconf 81' lang='lat' dir='ltr'><strong>transmisit</strong></span> <span class='ocrx_word' id='word_1_333' title='bbox 1683 2217 1728 2250; x_wconf 81' lang='lat' dir='ltr'><strong>ad</strong></span> <span class='ocrx_word' id='word_1_334' title='bbox 1743 2217 1859 2250; x_wconf 65' lang='lat' dir='ltr'><strong>eaesa-</strong></span> 
     </span>
     <span class='ocr_line' id='line_1_56' title="bbox 1147 2268 1854 2311; baseline -0.003 -9"><span class='ocrx_word' id='word_1_335' title='bbox 1147 2279 1234 2310; x_wconf 88' lang='lat' dir='ltr'><strong>rem,</strong></span> <span class='ocrx_word' id='word_1_336' title='bbox 1247 2268 1399 2311; x_wconf 84' lang='lat' dir='ltr'><strong>exempli</strong></span> <span class='ocrx_word' id='word_1_337' title='bbox 1413 2268 1466 2301; x_wconf 90' lang='lat' dir='ltr'><strong>sui</strong></span> <span class='ocrx_word' id='word_1_338' title='bbox 1481 2268 1552 2301; x_wconf 82' lang='lat' dir='ltr'><strong>sive</strong></span> <span class='ocrx_word' id='word_1_339' title='bbox 1566 2268 1671 2301; x_wconf 83' lang='lat' dir='ltr'><strong>moris</strong></span> <span class='ocrx_word' id='word_1_340' title='bbox 1687 2273 1805 2311; x_wconf 79' lang='lat' dir='ltr'><strong>tenax,</strong></span> <span class='ocrx_word' id='word_1_341' title='bbox 1816 2271 1854 2301; x_wconf 85' lang='lat' dir='ltr'><strong>et</strong></span> 
     </span>
     <span class='ocr_line' id='line_1_57' title="bbox 1147 2319 1481 2362; baseline -0.003 -10"><span class='ocrx_word' id='word_1_342' title='bbox 1147 2330 1254 2362; x_wconf 86' lang='lat' dir='ltr'><strong>usque</strong></span> <span class='ocrx_word' id='word_1_343' title='bbox 1269 2320 1388 2352; x_wconf 84' lang='lat' dir='ltr'><strong>similis</strong></span> <span class='ocrx_word' id='word_1_344' title='bbox 1403 2319 1481 2352; x_wconf 87' lang='lat' dir='ltr'><strong>sibi.</strong></span> 
     </span>
    </p>

    <p class='ocr_par' dir='ltr' id='par_1_14' title="bbox 1143 2348 1861 2617">
     <span class='ocr_line' id='line_1_58' title="bbox 1189 2348 1861 2412; baseline -0.001 -9"><span class='ocrx_word' id='word_1_345' title='bbox 1189 2376 1207 2398; x_wconf 76' lang='grc' dir='ltr'><strong>Ρ</strong></span> <span class='ocrx_word' id='word_1_346' title='bbox 1229 2369 1449 2411; x_wconf 81' lang='lat' dir='ltr'><strong>Discriminis]</strong></span> <span class='ocrx_word' id='word_1_347' title='bbox 1485 2369 1746 2412; x_wconf 81' lang='lat' dir='ltr'><strong>Interpretatus</strong></span> <span class='ocrx_word' id='word_1_348' title='bbox 1773 2348 1861 2412; x_wconf 80' lang='lat' dir='ltr'><strong>sum,</strong></span> 
     </span>
     <span class='ocr_line' id='line_1_59' title="bbox 1145 2421 1860 2464; baseline -0.001 -9"><span class='ocrx_word' id='word_1_349' title='bbox 1145 2422 1344 2455; x_wconf 72' lang='lat' dir='ltr'><strong>certaminis:</strong></span> <span class='ocrx_word' id='word_1_350' title='bbox 1367 2431 1436 2464; x_wconf 91' lang='lat' dir='ltr'><strong>quo</strong></span> <span class='ocrx_word' id='word_1_351' title='bbox 1461 2431 1563 2458; x_wconf 83' lang='lat' dir='ltr'><strong>sensu</strong></span> <span class='ocrx_word' id='word_1_352' title='bbox 1589 2421 1680 2454; x_wconf 87' lang='lat' dir='ltr'><strong>dixit</strong></span> <span class='ocrx_word' id='word_1_353' title='bbox 1695 2421 1860 2463; x_wconf 81' lang='lat' dir='ltr'><strong>Virgilius</strong></span> 
     </span>
     <span class='ocr_line' id='line_1_60' title="bbox 1143 2472 1860 2515; baseline -0.003 -8"><span class='ocrx_word' id='word_1_354' title='bbox 1143 2474 1205 2507; x_wconf 86' lang='lat' dir='ltr'><strong>lib.</strong></span> <span class='ocrx_word' id='word_1_355' title='bbox 1222 2483 1256 2507; x_wconf 88' lang='lat' dir='ltr'><strong>v.</strong></span> <span class='ocrx_word' id='word_1_356' title='bbox 1272 2473 1407 2506; x_wconf 87' lang='lat' dir='ltr'><strong>AEneid.</strong></span> <span class='ocrx_word' id='word_1_357' title='bbox 1428 2472 1439 2491; x_wconf 85' lang='lat'>‘</span> <span class='ocrx_word' id='word_1_358' title='bbox 1451 2476 1531 2515; x_wconf 82' lang='lat' dir='ltr'><strong>post</strong></span> <span class='ocrx_word' id='word_1_359' title='bbox 1549 2472 1609 2505; x_wconf 89' lang='lat' dir='ltr'><strong>hos</strong></span> <span class='ocrx_word' id='word_1_360' title='bbox 1625 2482 1725 2515; x_wconf 80' lang='lat' dir='ltr'><strong>aequo</strong></span> <span class='ocrx_word' id='word_1_361' title='bbox 1740 2472 1860 2505; x_wconf 87' lang='lat' dir='ltr'><strong>discri-</strong></span> 
     </span>
     <span class='ocr_line' id='line_1_61' title="bbox 1145 2518 1860 2566; baseline -0.001 -9"><span class='ocrx_word' id='word_1_362' title='bbox 1145 2525 1238 2557; x_wconf 89' lang='lat' dir='ltr'><strong>mine</strong></span> <span class='ocrx_word' id='word_1_363' title='bbox 1275 2524 1410 2557; x_wconf 84' lang='lat' dir='ltr'><strong>Pistrix</strong></span> <span class='ocrx_word' id='word_1_364' title='bbox 1447 2518 1711 2566; x_wconf 82' lang='lat' dir='ltr'><strong>Centaurusque</strong></span> <span class='ocrx_word' id='word_1_365' title='bbox 1744 2523 1860 2556; x_wconf 87' lang='lat' dir='ltr'><strong>locum</strong></span> 
     </span>
     <span class='ocr_line' id='line_1_62' title="bbox 1147 2572 1741 2617; baseline -0.007 -8"><span class='ocrx_word' id='word_1_366' title='bbox 1147 2575 1297 2609; x_wconf 88' lang='lat' dir='ltr'><strong>tendunt</strong></span> <span class='ocrx_word' id='word_1_367' title='bbox 1311 2583 1475 2617; x_wconf 85' lang='lat' dir='ltr'><strong>superare</strong></span> <span class='ocrx_word' id='word_1_368' title='bbox 1489 2572 1667 2616; x_wconf 88' lang='lat' dir='ltr'><strong>priorem.&#39;</strong></span> <span class='ocrx_word' id='word_1_369' title='bbox 1738 2608 1741 2611; x_wconf 16' lang='grc' dir='ltr'><em>Α</em></span> 
     </span>
    </p>

    <p class='ocr_par' dir='ltr' id='par_1_15' title="bbox 1147 2624 1862 2821">
     <span class='ocr_line' id='line_1_63' title="bbox 1190 2624 1862 2667; baseline -0.004 -8"><span class='ocrx_word' id='word_1_370' title='bbox 1190 2633 1207 2655; x_wconf 75' lang='lat'><strong>‘1</strong></span> <span class='ocrx_word' id='word_1_371' title='bbox 1229 2625 1448 2667; x_wconf 77' lang='lat' dir='ltr'><strong>Julianarum]</strong></span> <span class='ocrx_word' id='word_1_372' title='bbox 1471 2625 1614 2658; x_wconf 82' lang='lat' dir='ltr'><strong>Octavii</strong></span> <span class='ocrx_word' id='word_1_373' title='bbox 1637 2624 1783 2657; x_wconf 73' lang='lat' dir='ltr'><strong>Caesaris</strong></span> <span class='ocrx_word' id='word_1_374' title='bbox 1803 2634 1862 2657; x_wconf 83' lang='lat' dir='ltr'><strong>na-</strong></span> 
     </span>
     <span class='ocr_line' id='line_1_64' title="bbox 1147 2675 1860 2719; baseline -0.004 -9"><span class='ocrx_word' id='word_1_375' title='bbox 1147 2687 1208 2710; x_wconf 77' lang='lat' dir='ltr'><strong>ves</strong></span> <span class='ocrx_word' id='word_1_376' title='bbox 1234 2677 1410 2718; x_wconf 83' lang='lat' dir='ltr'><strong>intelligit,</strong></span> <span class='ocrx_word' id='word_1_377' title='bbox 1434 2685 1518 2719; x_wconf 80' lang='lat' dir='ltr'><strong>quas</strong></span> <span class='ocrx_word' id='word_1_378' title='bbox 1544 2675 1703 2709; x_wconf 77' lang='lat' dir='ltr'><strong>Julianas</strong></span> <span class='ocrx_word' id='word_1_379' title='bbox 1728 2675 1860 2708; x_wconf 88' lang='lat' dir='ltr'><strong>idcirco</strong></span> 
     </span>
     <span class='ocr_line' id='line_1_65' title="bbox 1148 2719 1861 2770; baseline -0.004 -8"><span class='ocrx_word' id='word_1_380' title='bbox 1148 2734 1264 2770; x_wconf 77' lang='lat' dir='ltr'><strong>vocat,</strong></span> <span class='ocrx_word' id='word_1_381' title='bbox 1278 2719 1371 2770; x_wconf 62' lang='lat' dir='ltr'><strong>’quod</strong></span> <span class='ocrx_word' id='word_1_382' title='bbox 1386 2727 1429 2761; x_wconf 75' lang='lat' dir='ltr'><strong>iis</strong></span> <span class='ocrx_word' id='word_1_383' title='bbox 1452 2726 1538 2760; x_wconf 74' lang='lat' dir='ltr'><strong>suni</strong></span> <span class='ocrx_word' id='word_1_384' title='bbox 1564 2726 1715 2759; x_wconf 74' lang='lat' dir='ltr'><strong>Caesaris</strong></span> <span class='ocrx_word' id='word_1_385' title='bbox 1731 2726 1861 2759; x_wconf 74' lang='lat' dir='ltr'><strong>vindic-</strong></span> 
     </span>
     <span class='ocr_line' id='line_1_66' title="bbox 1149 2776 1696 2821; baseline -0.005 -8"><span class='ocrx_word' id='word_1_386' title='bbox 1149 2785 1220 2813; x_wconf 83' lang='lat' dir='ltr'><strong>tam</strong></span> <span class='ocrx_word' id='word_1_387' title='bbox 1235 2782 1500 2821; x_wconf 85' lang='lat' dir='ltr'><strong>persequeretur</strong></span> <span class='ocrx_word' id='word_1_388' title='bbox 1515 2776 1696 2817; x_wconf 76' lang='lat' dir='ltr'><strong>Octavius.</strong></span> 
     </span>
    </p>

    <p class='ocr_par' dir='ltr' id='par_1_16' title="bbox 1152 2825 1862 2926">
     <span class='ocr_line' id='line_1_67' title="bbox 1193 2825 1862 2870; baseline -0.009 -6"><span class='ocrx_word' id='word_1_389' title='bbox 1193 2835 1206 2852; x_wconf 75' lang='lat'>¹</span> <span class='ocrx_word' id='word_1_390' title='bbox 1229 2830 1393 2865; x_wconf 79' lang='lat' dir='ltr'><strong>Dextrum</strong></span> <span class='ocrx_word' id='word_1_391' title='bbox 1402 2827 1529 2861; x_wconf 76' lang='lat' dir='ltr'><strong>navium</strong></span> <span class='ocrx_word' id='word_1_392' title='bbox 1542 2826 1655 2870; x_wconf 76' lang='lat' dir='ltr'><strong>eorm]</strong></span> <span class='ocrx_word' id='word_1_393' title='bbox 1674 2825 1719 2859; x_wconf 87' lang='lat' dir='ltr'><strong>In</strong></span> <span class='ocrx_word' id='word_1_394' title='bbox 1731 2827 1862 2867; x_wconf 76' lang='lat' dir='ltr'><strong>navali-</strong></span> 
     </span>
     <span class='ocr_line' id='line_1_68' title="bbox 1152 2879 1856 2926; baseline -0.003 -11"><span class='ocrx_word' id='word_1_395' title='bbox 1152 2881 1227 2926; x_wconf 82' lang='lat' dir='ltr'><strong>bus,</strong></span> <span class='ocrx_word' id='word_1_396' title='bbox 1242 2881 1293 2915; x_wconf 85' lang='lat' dir='ltr'><strong>uti</strong></span> <span class='ocrx_word' id='word_1_397' title='bbox 1319 2882 1354 2915; x_wconf 90' lang='lat' dir='ltr'><strong>iu</strong></span> <span class='ocrx_word' id='word_1_398' title='bbox 1380 2879 1602 2915; x_wconf 82' lang='lat' dir='ltr'><strong>terrestribus</strong></span> <span class='ocrx_word' id='word_1_399' title='bbox 1619 2879 1747 2923; x_wconf 64' lang='lat' dir='ltr'><strong>praeliis</strong></span> <span class='ocrx_word' id='word_1_400' title='bbox 1763 2879 1856 2914; x_wconf 84' lang='lat' dir='ltr'><strong>acies</strong></span> 
     </span>
    </p>
   </div>
  </div>
 </body>
</html>
