2008 3210
316 224 404 268 300
623 235 771 268 Nom
803 235 1075 268 vAluoRUM
1110 236 1160 268 ru
1198 237 1485 273 aruncum

315 341 362 364 ex
377 331 473 374 cujus
501 330 633 364 foenore
650 341 730 364 suus
743 331 816 364 dies
833 331 961 363 natalis
976 341 1032 363 ce·

315 382 511 416 lebraretur
548 382 700 415 editione
738 382 912 422 ludorum,
946 392 1031 424 quos

316 432 468 466 Floralia
483 432 659 464 dixerunt.
697 432 765 464 Sed
781 433 873 475 quod
889 433 1032 465 Senatui

315 482 526 527 flagitiosum
552 485 586 516 id
619 483 814 523 videbatur,
844 487 883 516 ut
911 484 1032 517 scribit

316 535 534 574 Lactantius,
551 535 594 566 ab
610 535 683 576 ipso
700 535 837 566 nomine
851 545 1030 577 argumen-

316 591 391 620 tum
414 587 500 619 sumi
535 586 680 628 placuit,
711 590 750 618 ut
780 586 951 628 pudendas
979 588 1032 620 rei

315 639 476 681 quaedam
504 639 654 679 dignitas
679 637 880 681 adderetur,
905 639 1030 672 Deam-

316 699 385 733 que
401 699 474 721 esse
491 688 680 731 finxerunt,
695 700 774 732 quae
785 688 926 722 floribus
942 700 1031 733 prae-

315 744 424 781 esset,
450 750 596 783 eamque
623 746 786 783 oportere
817 742 961 782 placari,
991 747 1031 775 ut

316 790 436 832 fruges
453 800 531 823 cum
541 791 720 824 arboribus
732 796 791 825 aut
803 793 929 825 vitibus
942 793 1032 826 bene

316 841 493 874 florerent.
540 844 627 875 Eum
652 845 803 876 colorem
824 849 965 877 secutus
983 845 1031 878 Ο-

316 893 430 926 vidius
446 894 480 926 in
495 895 623 936 Fastis,
642 905 710 927 non
734 896 922 938 ignobilem
937 907 1032 939 nym-

316 945 420 987 pham
437 945 544 978 fuisse
569 946 676 986 canit,
702 947 758 979 cui
780 957 904 980 nomen
927 947 1033 980 fuerit

317 995 468 1037 Chloris,
493 1007 585 1039 quae,
613 997 772 1040 Zephyro
797 999 972 1032 collocata
997 999 1033 1031 in

316 1047 584 1089 matrimonium,
606 1049 698 1081 dotis
722 1050 798 1082 loco
821 1050 855 1082 id
883 1051 1033 1083 muneris

317 1107 338 1130 a
352 1098 477 1130 marito
495 1102 679 1142 acceperit,
693 1104 732 1133 ut
748 1101 898 1134 omnium
910 1101 1033 1135 florum

317 1153 531 1191 potestatem
558 1151 713 1185 haberet.
758 1153 877 1194 Digna
897 1163 1033 1196 quoque

317 1201 441 1234 Po'etae
486 1203 606 1245 verba,
652 1214 731 1246 quae
780 1204 1030 1237 subtexantur:

316 1251 327 1270 ‘
347 1252 482 1286 Chloris
499 1254 614 1286 eram’
639 1254 786 1297 (inquit)
807 1256 908 1297 ‘quae
931 1256 1036 1288 Flora

317 1313 438 1343 vocor,
452 1310 620 1348 corrupta
645 1306 769 1338 Latino
798 1306 957 1339 Nominis
979 1310 1035 1340 est

318 1358 430 1390 nostri
460 1358 579 1391 littera
607 1359 734 1391 Graeca
761 1368 857 1391 sono.
902 1359 1035 1391 Chloris

318 1417 414 1441 eram
431 1409 594 1451 Nymphe
618 1410 732 1452 campi
759 1408 885 1449 felicis,
900 1410 960 1442 ubi
977 1420 1034 1442 au-

319 1458 372 1491 dis
387 1459 475 1492 Rem
503 1459 690 1493 fortunatis
707 1464 790 1493 ante
806 1460 914 1494 fuisse
929 1460 1035 1494 viris?

319 1509 367 1542 Et
382 1515 523 1551 postea:
546 1511 556 1529 ‘
572 1511 636 1543 Est
661 1511 743 1543 mihi
770 1511 950 1544 faecundus
975 1513 1034 1545 do-

320 1560 451 1594 talibus
476 1562 595 1594 hortus
621 1562 654 1594 in
672 1562 783 1604 agris:
808 1562 904 1596 Aura
927 1562 1036 1605 fovet,

319 1610 461 1654 liquidae
489 1611 586 1644 fonte
610 1612 745 1654 rigatur
776 1624 885 1656 aquae.
930 1614 1035 1647 Hunc

319 1671 417 1696 meus
432 1662 589 1705 implevit
600 1673 767 1705 generoso
782 1663 868 1697 flore
881 1666 1037 1708 maritus,

320 1713 439 1757 Atque
466 1716 536 1748 ait:
563 1715 756 1749 Arbitrium
781 1720 819 1749 tu
842 1717 919 1750 Dea
942 1716 1037 1751 floris

321 1765 436 1798 habe!
459 1766 637 1807 Fungerus.

363 1818 452 1850 CAP.
469 1821 522 1850 15.
567 1817 598 1850 A
611 1819 792 1861 Lupercali]
825 1820 965 1853 Servius
982 1820 1034 1853 di-

320 1868 371 1901 cit
393 1868 501 1900 fuisse
517 1859 716 1910 speluncam
727 1871 791 1903 sub
804 1875 921 1904 monte
932 1872 1036 1904 Pala-

322 1918 455 1961 tino,in
469 1929 537 1962 qua
552 1930 659 1962 capra
673 1921 891 1963 luebatur,id
908 1925 974 1964 est,
983 1932 1035 1954 sa-

320 1969 550 2004 crificabatur.
582 1971 615 2003 A
632 1972 730 2014 Lupa
746 1974 881 2006 nutrice
899 1974 1037 2006 Romuli

318 2030 446 2054 nomen
456 2021 631 2063 accepisse
643 2022 788 2055 Ovidius
802 2024 924 2057 voluit.
938 2026 1037 2057 Tem-

318 2070 370 2114 pli
391 2071 493 2114 hujus
521 2073 721 2106 sacerdotes
741 2075 893 2117 Luperci
915 2070 1036 2118 appel-

270 2127 272 2130 ·
318 2122 447 2155 lantur.
466 2122 557 2155 Vide
571 2123 687 2157 Valer.
700 2124 760 2158 lib.
771 2135 812 2158 ιι.
826 2131 863 2158 et
874 2127 1036 2161 Marlian.

318 2172 474 2216 Topogr.
491 2173 591 2207 Rom.
606 2175 666 2208 lib.
682 2185 723 2209 11.
738 2186 769 2209 c.
787 2180 840 2210 12.

367 2225 538 2258 Theatrum
557 2225 684 2269 facere]
722 2227 931 2271 Lapideum,
959 2240 1037 2263 cum

321 2279 423 2308 antea
451 2277 711 2310 tumultuarium
735 2287 781 2310 ex
805 2279 913 2321 ligno,
939 2281 1038 2313 aiunt

321 2326 417 2365 docti
433 2327 509 2369 viri,
534 2333 771 2363 extrueretur.
815 2330 949 2364 Quibus
970 2342 1038 2364 non

321 2379 491 2412 adsentio.
534 2380 696 2413 Valerius
718 2391 814 2423 ecce,
835 2392 913 2415 cum
939 2384 1037 2416 Livio

317 2430 381 2464 lib.
399 2440 531 2464 xnvm.
556 2431 682 2465 Orosio
697 2433 759 2466 lib.
771 2442 826 2466 ιν.
844 2443 876 2466 e.
889 2436 943 2467 21.
967 2434 1038 2467 Au-

323 2483 463 2526 gustino
479 2485 536 2516 De
553 2483 688 2516 civitat.
704 2485 786 2525 Dei,
808 2484 867 2517 lib.
883 2494 909 2517 1.
933 2495 966 2518 c.
982 2489 1035 2518 31.

320 2533 430 2567 tradit
444 2534 676 2574 excogitatam
690 2539 727 2568 et
737 2536 933 2569 inchoatam
948 2539 1038 2571 hanc

321 2595 396 2618 rem
410 2584 454 2617 ab
475 2585 527 2617 his
544 2585 760 2619 censoribus:
785 2592 942 2619 ceterum
958 2597 1039 2621 auc-

323 2642 399 2669 tore
424 2636 588 2678 Scipione
616 2637 922 2671 Senatusconsulto
960 2650 1039 2672 cau-

324 2691 412 2729 tum,
425 2696 469 2719 ne
486 2691 562 2730 quis
578 2687 612 2719 in
630 2688 714 2721 urbe
730 2689 874 2731 propius
891 2699 932 2722 ac
949 2690 1040 2723 mille

324 2746 444 2780 passus
481 2738 644 2771 subsellia
675 2741 843 2782 posuisse,
872 2742 1040 2775 sedensve

325 2787 425 2821 ludos
441 2794 604 2831 spectare
620 2790 734 2823 vellet.
771 2792 817 2824 Et
832 2791 960 2835 absque
974 2793 1040 2835 his,

326 2839 383 2880 vel
398 2837 491 2874 forte
512 2845 763 2885 argumentum,
785 2852 855 2886 quo
869 2843 960 2878 inter
973 2853 1043 2878 om·

1083 341 1146 365 nes
1162 327 1301 366 constat
1313 335 1360 367 1..
1377 334 1582 368 Mummium
1603 335 1794 379 principem

1084 386 1332 426 temporarium
1349 395 1368 417 e
1383 386 1475 425 ligno
1489 386 1685 419 extruxisse
1697 386 1795 420 thea-

1084 486 1226 519 toritate
1239 487 1395 528 Ausonii,
1410 488 1509 530 cujus
1521 498 1638 520 versus
1651 492 1796 531 propter

1083 538 1305 580 elegantiam,
1332 543 1368 571 et
1393 539 1475 581 quia
1505 540 1598 571 clara
1626 540 1686 571 lux
1716 538 1795 572 huic

1083 588 1171 629 loco,
1197 588 1379 622 adscribo:
1403 591 1412 606 ‘
1429 595 1466 622 et
1495 589 1624 622 Atticis
1646 591 1796 634 quoque,

1084 639 1218 673 Quibus
1234 640 1407 672 theatrum
1418 642 1524 673 curiae
1537 642 1673 683 praebet
1682 642 1794 674 vicem

1083 691 1222 724 Nostris
1237 691 1391 733 negociis
1406 701 1467 723 sna
1479 692 1556 724 loca
1568 692 1691 724 sortito
1700 692 1794 726 data.

1083 742 1234 783 Campus
1245 742 1406 783 comitiis,
1421 747 1460 774 ut
1470 743 1676 785 conscriptis
1688 743 1798 785 curia,

1083 793 1208 824 Forum
1224 797 1328 835 atque
1343 798 1492 825 rostrum
1509 798 1648 835 separat
1667 788 1724 835 jus
1750 794 1797 826 ci-

1082 844 1187 877 vium.
1232 845 1312 876 Una
1327 849 1380 877 est
1393 844 1552 885 Athenis,
1563 850 1666 887 atque
1678 845 1713 877 in
1725 855 1796 877 om·

1083 895 1120 927 ni
1145 895 1281 928 Graeeia
1307 895 1364 927 Ad
1390 895 1636 928 consulendum
1666 895 1798 938 publici

1085 947 1185 979 sedes
1200 947 1279 979 loci.
1325 948 1438 982 Quam
1462 949 1496 980 in
1513 948 1598 980 urbe
1613 953 1733 981 nostra
1747 958 1798 982 se-

1084 1008 1123 1030 ro
1139 999 1240 1030 luxus
1262 998 1430 1031 condidit.
1476 998 1599 1031 AEdilis
1623 999 1703 1031 olim
1725 1009 1799 1032 sce-

1084 1059 1162 1081 nam
1179 1048 1369 1081 tabulatam
1379 1049 1497 1092 dabat,
1515 1049 1636 1083 Subito
1646 1050 1799 1082 excitata

1083 1100 1180 1132 nulla
1208 1100 1300 1133 mole
1326 1110 1443 1134 saxea.
1493 1101 1653 1133 Muraena
1682 1101 1734 1134 sic
1760 1105 1799 1134 et

1085 1151 1222 1184 Gallus.
1278 1152 1376 1184 Nota
1405 1152 1567 1194 eloquor:
1607 1150 1797 1195 Postquam

1085 1206 1247 1245 potentes
1262 1213 1327 1236 nec
1350 1207 1511 1235 verentes
1527 1207 1701 1235 sumtuum
1727 1203 1799 1235 No-

1084 1264 1164 1287 men
1189 1254 1343 1296 pere'nne
1374 1252 1611 1294 crediderunt,
1637 1254 1665 1286 si
1691 1255 1799 1286 semel

1086 1308 1298 1340 Constructa
1322 1308 1430 1340 moles
1461 1317 1567 1340 saxeo
1587 1306 1801 1348 fundamine,

1085 1358 1128 1391 Iu
1154 1368 1255 1391 omne
1280 1363 1417 1400 tempus
1445 1358 1615 1390 conderet
1638 1357 1801 1391 ludis-lo-

1086 1420 1183 1443 cum:
1209 1411 1368 1443 Cuneata
1383 1410 1496 1442 crevit
1507 1409 1581 1442 haec
1596 1410 1724 1442 theatri
1740 1410 1802 1442 im·

1085 1461 1247 1502 manitas,
1274 1460 1464 1502 Pompeius
1489 1461 1590 1502 hauc,
1615 1464 1652 1492 et
1667 1456 1800 1494 Balbus

1086 1517 1123 1546 et
1146 1514 1266 1546 caesar
1291 1513 1389 1546 dedit
1416 1514 1643 1555 Octavianus,
1657 1522 1801 1546 concer-

1086 1567 1204 1596 tantes
1220 1563 1435 1606 sumptibus!
1482 1565 1564 1597 Non
1586 1568 1719 1606 pugnat
1741 1563 1799 1598 hic

1086 1615 1197 1656 locus,
1219 1615 1330 1657 magis
1347 1625 1368 1648 a
1383 1615 1491 1647 nobis.
1515 1615 1609 1648 Ante
1631 1616 1693 1648 illa
1707 1616 1802 1649 thea-

1088 1671 1143 1699 tra
1172 1666 1278 1699 fuisse
1308 1677 1485 1709 negamus,
1514 1677 1583 1699 non
1610 1671 1693 1709 post
1720 1667 1802 1704 illa3

1089 1727 1165 1760 quae
1178 1717 1352 1750 Ausonius
1366 1722 1490 1760 aperto
1501 1727 1604 1750 sensu
1616 1718 1801 1761 intelligit:

1088 1773 1126 1801 et
1150 1768 1200 1806 de
1226 1768 1365 1811 quibus,
1393 1773 1434 1801 ut
1458 1769 1575 1802 statim
1596 1773 1677 1811 post
1702 1769 1803 1802 ludos

1088 1819 1365 1862 destruerentur,
1389 1821 1484 1862 leges
1510 1821 1599 1853 latas
1618 1820 1802 1853 Tertullia-

1088 1881 1151 1904 nus
1179 1871 1214 1903 in
1240 1871 1471 1913 Apologetico
1498 1872 1612 1904 docet.
1656 1871 1748 1904 Vide
1763 1868 1802 1905 'et

1086 1923 1179 1955 Scal.
1195 1920 1323 1954 Auson.
1333 1923 1432 1955 Lect.
1448 1923 1509 1955 lib.
1520 1932 1563 1955 n.
1576 1933 1607 1955 c.
1619 1925 1650 1957 1.
1666 1923 1810 1964 Schegk.

1133 1974 1196 2005 cui
1225 1971 1260 2005 in
1286 1973 1494 2014 demoliendo]
1533 1975 1574 2006 In
1600 1974 1804 2017 demoliendo,

1089 2024 1191 2065 dixit,
1216 2034 1281 2066 pro
1307 2028 1343 2057 ut
1368 2025 1580 2058 demoliretur.
1624 2027 1690 2058 Vel
1712 2026 1804 2069 lege,

1087 2076 1256 2109 nwliendoe
1295 2081 1335 2109 ut
1360 2077 1427 2109 sitz
1467 2077 1616 2109 Mozienta·
1643 2078 1803 2110 theatrum

1091 2128 1200 2160 Cassio
1215 2129 1321 2160 consul
1336 2127 1456 2169 Scipio,
1470 2128 1671 2170 civitatisque
1684 2136 1803 2161 nummu

1088 2179 1240 2211 severitas
1266 2179 1399 2211 restitit.
1444 2178 1600 2211 Historia
1630 2184 1728 2221 patet
1758 2190 1803 2213 ex

1089 2230 1244 2271 Valerio,
1261 2230 1434 2272 Appiano,
1456 2230 1618 2271 Epitome
1645 2231 1802 2272 Liviana,

1092 2281 1287 2323 Augustino
1315 2281 1359 2313 de
1389 2281 1533 2313 civitate
1555 2282 1636 2323 Dei,
1665 2275 1802 2315 Oro'sio.

1090 2332 1193 2365 Quod
1204 2337 1319 2364 tamen
1326 2327 1480 2374 Scipioni
1489 2333 1621 2364 consuli
1631 2332 1698 2376 (sic
1710 2334 1803 2366 enim

1089 2383 1274 2424 legendum
1291 2387 1388 2424 puto,
1403 2392 1472 2415 non
1488 2383 1664 2426 Caepioni)
1674 2384 1804 2417 Vellei·

1090 2444 1129 2466 us
1146 2439 1182 2466 et
1199 2434 1380 2476 Appianus
1404 2434 1574 2475 tribuunt,
1601 2434 1636 2467 id
1651 2444 1695 2467 ex
1724 2435 1806 2478 Epi-

1090 2489 1197 2526 tome,
1212 2489 1250 2517 et
1265 2485 1380 2517 Fastis
1394 2485 1614 2526 Capitolinis,
1626 2490 1708 2528 post
1723 2495 1804 2518 con-

1090 2536 1237 2567 sulatum
1256 2544 1332 2567 esse
1355 2534 1501 2575 factum,
1530 2536 1634 2576 plane
1655 2540 1803 2569 constat.

1091 2585 1269 2618 Manutius.
1329 2586 1390 2617 Cui
1416 2586 1452 2618 in
1481 2586 1686 2628 demoliendo]
1707 2587 1805 2620 Sen-

1091 2637 1204 2669 tentia
1242 2637 1369 2669 clamat
1406 2637 1590 2678 legendum
1625 2638 1805 2673 emoliendo.

1092 2688 1256 2730 Coeperat
1286 2689 1397 2721 moliri
1435 2689 1630 2721 theatrum:
1670 2690 1806 2726 emoliri

1092 2749 1161 2781 uon
1187 2740 1318 2781 potuit,
1334 2739 1479 2772 civitate
1503 2743 1541 2772 et
1567 2734 1727 2782 Scipione
1750 2751 1816 2775 rem

1091 2791 1248 2823 sistente.
1274 2791 1413 2832 Lipsius.
1460 2790 1522 2822 Cui
1541 2789 1576 2822 in
1596 2791 1817 2834 demoliendo}

1092 2842 1232 2886 Lipsius
1246 2842 1414 2882 emoliendo
1437 2841 1681 2877 substituebat.
1723 2840 1806 2879 Ad-
