2008 3210
357 251 444 294 306

358 357 470 399 primo
486 356 557 399 ejus
573 357 718 389 nominis
743 357 882 390 consule
899 356 989 390 infra
1003 356 1072 389 cla-

358 409 442 450 rius,
471 408 627 441 adhibita
654 408 817 451 temporis
844 408 931 440 luce.
976 407 1071 440 ‘Seu

358 460 436 492 duae
453 469 513 491 seu
539 464 609 491 tres
635 459 883 501 Pompeiorum
910 458 1008 491 fuere
1024 458 1072 491 fa-

357 510 475 552 miliae,
487 510 616 552 primns
630 510 700 552 ejus
713 510 858 542 nominis
873 514 955 542 ante
967 520 1071 543 annos

357 562 432 595 fere
459 572 613 595 ccxviii.
638 563 682 596 Q.
701 562 887 605 Pompeius
913 571 990 596 cum
1006 562 1071 597 Cn.

356 613 504 646 Servilio
519 614 638 646 consul
655 612 747 645 fuit?
771 613 896 646 Acidal.

401 666 456 697 Aa
483 664 679 706 turpissima]
716 665 726 683 ‘
741 664 990 698 Numantinum
1010 663 1072 698 foe-

359 716 422 749 dus
445 716 616 748 horrenda
631 715 820 758 ignominia
840 716 1049 749 maculosum
1063 719 1071 732 ’

357 770 459 798 vocat
495 765 682 808 Augus-tin.
718 766 762 799 de
796 767 841 800 C.
859 768 908 799 D.
931 775 992 799 ιιι.
1014 769 1071 798 21.

358 818 594 852 Quintilianus
619 818 724 851 etiam
741 818 763 852 l.
779 827 836 852 ιιι.
859 811 891 851 8ζ
913 818 1004 850 inter
1029 828 1070 850 ea

357 867 481 910 refert,
495 868 506 886 ‘
517 879 604 912 quae,
619 869 678 911 qui
691 870 807 910 turpia
818 877 894 901 esse
907 868 1070 901 dubitare

356 929 426 952 non
452 923 610 962 possunt,
638 919 796 952 utilitatis
826 919 943 962 specie
973 919 1070 952 ducti

357 970 530 1012 probent.'
565 970 668 1003 Talia
679 971 778 1013 plura
790 970 881 1012 apud
893 970 978 1003 alios
990 980 1070 1003 auc·

359 1025 465 1055 tores.
489 1021 631 1054 Boecle'r.

402 1073 589 1105 Mancinum
618 1071 820 1114 verecundia]
855 1073 947 1106 Num
971 1072 1071 1104 Man-

359 1124 457 1157 cinus
485 1124 676 1166 impunitus
699 1123 778 1165 fuit,
802 1133 905 1167 quem
925 1123 1071 1157 Romani

357 1174 500 1214 nudum,
516 1185 557 1208 ac
573 1175 729 1208 manibus
749 1179 825 1217 post
842 1180 978 1218 tergum
994 1175 1072 1208 reli-

357 1225 460 1268 gatis,
489 1225 709 1258 Numantinis
733 1225 928 1259 tradidere?
965 1225 1072 1268 Atqui

358 1279 414 1311 vel
427 1279 577 1310 maxima
592 1288 633 1310 ea
648 1287 752 1320 poena
766 1275 843 1310 fuit.
887 1277 946 1310 lta
966 1278 1072 1320 igitur

357 1330 502 1372 concipe
529 1330 620 1362 hunc
639 1330 773 1363 locum:
809 1329 874 1362 Sed
888 1329 1072 1371 Pompeium

354 1381 467 1422 gratio
495 1381 684 1422 impunitum
711 1380 833 1414 habuit.
884 1381 1072 1414 Mancinum

357 1432 556 1475 verecundia,
578 1433 692 1474 quippe
716 1443 776 1465 non
801 1434 983 1474 recusando,
1003 1441 1073 1474 per-

357 1485 453 1519 duxit
468 1484 539 1526 huc,
553 1487 606 1526 8515.
652 1484 752 1517 Inter
773 1485 869 1525 alios,
893 1484 1072 1526 praecipue

357 1537 423 1568 hoc
435 1535 548 1568 firmat
565 1535 689 1568 Cicero
703 1536 762 1568 lib.
775 1545 833 1569 ιιι.
848 1534 1072 1576 Officiorum;

359 1587 368 1604 ‘
389 1587 428 1620 C.
440 1586 636 1619 Mancinus'
652 1585 736 1629 (ait)
759 1586 769 1604 ‘
784 1591 823 1619 ut
838 1586 1072 1627 Numantinis,

357 1639 561 1682 quibuscum
588 1639 663 1671 sine
693 1644 832 1672 senatus
862 1639 1071 1672 auctoritate

357 1689 469 1722 foedus
485 1689 630 1730 fecerat,
644 1689 844 1729 dederetur,
859 1689 1071 1729 rogationem

357 1740 465 1772 suasit
496 1750 585 1780 eam,
613 1750 714 1782 quam
751 1740 790 1774 L.
825 1740 960 1781 Furius,
991 1741 1071 1773 Sex.

357 1790 500 1832 Atilius,
522 1791 696 1824 ferebant.
740 1792 820 1826 Qua
843 1795 1002 1834 accepta,
1018 1795 1072 1824 est

357 1843 515 1876 hostibus
555 1842 717 1877 deditus.‘
757 1843 893 1878 Vossius.
911 1864 914 1866 -
946 1842 1071 1875 Manci-

356 1904 432 1926 num
469 1892 670 1934 verecundia]
721 1894 758 1926 Si
789 1895 954 1926 vellemus
981 1894 1070 1926 huuc

357 1945 470 1977 locum
487 1944 706 1979 distinctione
730 1945 877 1987 quadam
894 1944 1070 1985 corrigere

357 1997 436 2038 (sed
477 1996 661 2038 Pompeium
695 1997 808 2037 gralia
843 1996 918 2038 imp.
949 1996 1071 2029 habuit.

359 2048 545 2079 Mancinum
572 2048 760 2080 verecundia
787 2058 817 2090 q.
849 2058 882 2080 n.
906 2058 978 2081 rec.
1010 2049 1071 2080 huc

354 2099 520 2141 perduxit,
539 2099 619 2141 ⁸9⁴0)
639 2100 673 2131 in
697 2109 797 2131 sensu
821 2098 961 2141 quidem
988 2100 1071 2132 nihil

359 2150 429 2182 erit
445 2149 666 2190 incommodi,
680 2149 740 2182 sed
761 2149 845 2182 illud
861 2151 996 2192 (quippe
1010 2161 1072 2182 non

357 2200 550 2241 recusando)
562 2200 661 2232 valde
673 2199 813 2233 inficeto
825 2201 981 2243 maleque
995 2211 1071 2234 cum

358 2257 459 2285 textu
468 2252 655 2284 cohaerenti
666 2251 861 2293 glossemati
871 2261 1072 2294 comparan—
1085 2283 1089 2287 ,

360 2302 441 2334 dum
457 2302 534 2335 erit.
565 2302 692 2335 Posset
706 2302 824 2345 itaque
841 2302 988 2335 fortasse
1002 2303 1071 2335 lec-

361 2354 410 2385 tio
424 2354 556 2386 usitata
582 2362 723 2395 prorsus
749 2353 899 2386 tolerari.
946 2352 1008 2394 At,
1023 2353 1072 2384 in-

361 2404 451 2446 quis,
479 2404 649 2446 quomodo
675 2403 862 2446 impunitus
885 2403 1073 2444 diceretur,

362 2456 420 2498 qui
436 2455 591 2488 hostibus
608 2455 747 2488 deditus
771 2455 849 2487 est?
873 2454 974 2496 Quia,
991 2457 1021 2487 1.
1038 2454 1072 2486 in

360 2506 420 2539 illa
446 2505 622 2539 deditione
646 2515 715 2538 non
731 2509 905 2547 receptus.
928 2508 960 2537 2.
989 2506 1074 2546 pris-

362 2557 435 2590 tino
461 2557 583 2590 honori
608 2557 801 2590 restitutus.
836 2559 868 2588 3.
901 2555 944 2588 ad
969 2565 1074 2590 novos

360 2609 509 2647 honores
523 2608 688 2641 admissus
699 2612 762 2641 est.
784 2610 818 2641 4.
846 2607 934 2640 adeo
950 2611 992 2640 ut.
1009 2617 1074 2640 nec

361 2661 437 2702 ipse
458 2670 568 2702 poenae
584 2660 660 2692 loco
675 2659 819 2692 duceret
838 2668 913 2691 eam
931 2658 1075 2690 deditio-

363 2713 415 2744 nis
430 2711 694 2751 contumeliam3
717 2710 846 2753 quippe
858 2709 915 2752 qui
928 2710 938 2727 ⁴
951 2709 1074 2742 eodem

363 2761 481 2794 habitu
499 2762 564 2794 sibi
581 2766 733 2794 statuam
756 2761 921 2801 instituit,
935 2770 1002 2802 quo
1019 2759 1075 2791 de-

365 2811 457 2844 ditus
485 2812 563 2852 est,’
589 2816 778 2844 annotante
797 2811 1073 2844 :Plinioxxxm

365 2866 398 2896 5.
460 2863 713 2897 Verecundiam
760 2862 934 2904 Mancini,
973 2871 1074 2904 quam

670 261 814 293 No'rAE
849 259 1119 293 VARlORUM
1154 261 1205 292 ΙΝ
1242 261 1526 294 PA'rERcunl

1121 356 1276 389 Velleius
1313 361 1429 399 vocat,
1458 358 1492 390 id
1525 361 1590 399 est,
1619 357 1831 400 agnitionem

1121 408 1235 450 culpae
1262 413 1299 440 et
1328 409 1553 441 voluntariam
1576 408 1830 451 susceptionem

1121 468 1247 500 poenae,
1254 458 1374 492 laudat
1383 469 1422 492 ac
1432 459 1585 501 explicat
1594 459 1719 493 Cicero
1726 458 1831 492 Offic.

1121 518 1178 542 ιιι.
1195 511 1250 542 30.
1273 509 1351 542 loco
1366 510 1524 552 superius
1539 510 1659 543 citato.
1690 511 1833 543 Boecler.

1167 559 1319 603 Fetiales]
1332 561 1400 595 Qui
1411 561 1611 603 bello,paci,
1619 565 1657 593 et
1663 560 1832 594 conditio-

1121 610 1223 645 nibus
1250 612 1455 655 pangendis,
1481 612 1566 645 item
1600 612 1833 645 deditionibus

1120 663 1301 696 noxiorum
1338 667 1525 705 praeerant.
1562 663 1655 696 Vide
1685 663 1831 706 Dionys.

1122 714 1303 747 Halicarn.

1156 765 1243 798 cn».
1251 769 1282 798 2.
1297 765 1421 807 Quippe
1431 765 1502 799 Tib.
1515 765 1692 808 Gracchus]
1703 765 1757 804 De
1767 765 1832 798 hac

1121 816 1293 849 seditione
1308 816 1377 849 vid.
1400 818 1493 850 Flor.
1510 825 1568 849 ιιι.
1585 820 1639 850 14.
1661 818 1671 834 ‘
1683 817 1834 849 nomina·-

1121 867 1217 910 tique
1235 878 1255 899 a
1270 868 1431 900 Camerte
1447 867 1645 902 Auctores.'
1667 868 1811 905 Boecler.
1827 887 1831 891 ·

1166 917 1320 954 Omnibus
1365 922 1485 952 statum
1533 918 1833 962 concupiscentibus]

1121 967 1230 1000 Nobis
1245 968 1320 1001 hoec
1343 968 1489 1012 impura.
1533 970 1628 1005 Quid
1655 974 1710 1004 est
1723 980 1833 1003 concu-

1118 1019 1238 1061 piscere
1254 1020 1398 1055 statum?
1430 1026 1491 1055 aut
1516 1022 1592 1065 quis
1607 1022 1658 1056 sic
1673 1031 1692 1055 e
1716 1021 1833 1064 prisco

1123 1071 1248 1104 Latio?
1273 1072 1363 1106 Quid
1391 1073 1457 1106 hoc
1478 1074 1586 1106 etiam
1610 1073 1655 1106 ad
1681 1072 1834 1106 Gracchi

1122 1123 1233 1165 leges?
1264 1124 1432 1167 Emendo,
1464 1125 1601 1158 omnium
1619 1128 1740 1158 statum
1762 1134 1832 1158 ‹sim-v

1121 1175 1322 1208 cutientibus.
1368 1177 1415 1209 Et
1436 1176 1598 1219 profecto
1623 1186 1743 1210 verum
1767 1180 1834 1213 est.

1122 1225 1234 1267 Leges
1260 1226 1335 1260 istae
1361 1226 1503 1268 Tiberii,
1530 1228 1655 1271 inquit,
1682 1227 1834 1262 omnium

1122 1275 1278 1310 fortunas
1324 1282 1362 1311 et
1402 1282 1533 1311 statum
1574 1277 1832 1311 concutiebant.

1123 1327 1329 1362 Quomodo?
1365 1329 1445 1371 quia
1474 1339 1576 1371 agros
1596 1327 1732 1371 jamdiu
1756 1338 1835 1371 pos·

1122 1387 1244 1420 sessos,
1267 1379 1445 1422 alienatos,
1457 1380 1630 1422 venditos,
1654 1380 1690 1412 in
1716 1379 1834 1412 dotem

1123 1429 1236 1472 datos,
1261 1430 1385 1464 iterum
1413 1431 1634 1464 vindicabant
1661 1431 1696 1464 in
1723 1431 1835 1473 publi·

1125 1491 1216 1523 cum,
1239 1486 1276 1514 et
1301 1481 1504 1515 auferebant
1527 1481 1675 1515 dominis
1700 1481 1835 1524 priscis.

1123 1531 1250 1575 Itaque
1278 1541 1397 1565 omnes
1419 1533 1454 1565 in
1484 1537 1594 1574 metu,
1614 1535 1653 1566 et
1681 1531 1832 1566 fortunae

1123 1583 1272 1626 plurium
1287 1584 1443 1617 incertae.
1488 1583 1672 1626 Appianus
1693 1589 1732 1617 et
1754 1584 1836 1617 Plu-

1124 1635 1263 1668 ta1·chus
1289 1634 1433 1676 pulchre
1459 1635 1524 1667 hoe
1548 1635 1739 1668 diducunt:
1774 1634 1835 1673 ille

1124 1687 1236 1730 primo
1253 1687 1428 1728 Civilium,
1443 1686 1500 1719 hic
1524 1686 1559 1719 in
1581 1685 1761 1719 Gracchis.
1781 1685 1834 1718 'ru

1122 1739 1214 1773 vide.
1239 1738 1341 1773 Quod
1357 1738 1401 1779 ad
1417 1737 1578 1780 phrasim,
1599 1736 1668 1769 imo
1684 1735 1834 1779 quodad

1122 1795 1289 1830 mentem,
1323 1790 1454 1831 pariter
1490 1788 1644 1828 Velleius
1672 1785 1764 1820 infra
1789 1786 1834 1819 de

1123 1841 1198 1874 Caii
1214 1840 1350 1883 legibus
1364 1851 1373 1873 ε
1408 1840 1418 1858 ¹
1433 1839 1529 1873 Nihil
1544 1839 1735 1880 immotum,
1749 1838 1832 1871 nihil

1123 1893 1356 1936 tranquillum,
1379 1891 1463 1923 nihil
1489 1890 1646 1933 denique
1660 1890 1695 1922 in
1712 1889 1832 1922 eodem

1121 1948 1214 1977 statu
1230 1942 1386 1975 sinebat!
1409 1942 1499 1984 Lips.
1519 1966 1521 1968 -
1545 1941 1697 1974 Omnibus
1716 1944 1836 1974 statum

1121 1993 1420 2036 concupiscentibus]
1443 1995 1452 2012 ‘
1469 1992 1598 2034 Status’
1614 1996 1668 2027 est
1680 1992 1835 2031 conditio

1123 2048 1204 2080 vitae
1228 2050 1326 2079 certa
1349 2056 1390 2079 ac
1407 2045 1561 2078 stabilis.>
1593 2044 1651 2077 Ita
1671 2049 1708 2077 et
1723 2043 1834 2080 infra:

1121 2100 1131 2118 ‘
1151 2098 1293 2140 Quippe
1313 2097 1442 2130 nullum
1463 2095 1669 2129 habentibus
1694 2099 1836 2136 statum,

1123 2148 1271 2192 quilibet
1297 2148 1367 2180 dux
1397 2151 1474 2180 erat
1503 2146 1669 2179 idoneus.'
1720 2147 1834 2179 Nemo

1124 2202 1230 2242 enim,
1258 2200 1374 2242 paullo
1409 2199 1599 2240 humanior,
1630 2198 1836 2240 Sempronia

1123 2252 1202 2293 lege
1230 2260 1332 2293 agros
1362 2250 1454 2293 plebi
1476 2249 1746 2282 communicatos
1774 2259 1832 2282 ne-

1123 2302 1200 2335 scit.
1247 2302 1304 2334 De
1327 2300 1449 2333 eadem
1473 2301 1535 2333 hac
1550 2301 1628 2342 lege
1650 2301 1773 2338 Cicero
1800 2301 1836 2333 in

1122 2352 1311 2386 Sextiana:
1347 2353 1357 2370 ‘
1373 2351 1559 2394 Agrai-iam
1573 2351 1631 2384 Ti.
1655 2351 1834 2384 Gracchus

1124 2405 1236 2446 legem
1261 2402 1421 2436 ferebat:
1458 2407 1561 2445 grata
1585 2406 1661 2435 erat
1682 2403 1836 2445 populo;

1123 2455 1271 2488 fortuuae
1306 2454 1471 2488 constitui
1518 2453 1712 2486 tenuiorum
1742 2453 1837 2486 vide·

1123 2504 1274 2539 bantur!
1296 2506 1376 2537 Non
1389 2505 1587 2538 necessaria
1595 2503 1838 2547 itaqueemen-

1125 2557 1220 2589 datio
1236 2556 1356 2599 Lipsii,
1371 2555 1508 2588 omnium
1527 2557 1648 2588 statum
1663 2555 1837 2588 concutien-

1124 2607 1220 2640 tibus.
1243 2607 1397 2640 Vossius.
1758 2633 1761 2648 2

1171 2657 1379 2699 Octavioque]
1405 2657 1513 2698 Cujus
1529 2656 1652 2689 Cicero
1667 2656 1836 2690 modicam

1126 2713 1163 2741 et
1186 2708 1335 2750 Reipub.
1359 2707 1584 2748 tolerabilem,
1606 2711 1643 2740 et
1667 2707 1762 2749 plebi
1777 2718 1836 2740 ne-

1126 2759 1310 2792 cessariam
1351 2758 1567 2800 largitionem
1597 2762 1711 2791 vocat.
1767 2758 1835 2791 Adi

1127 2810 1353 2842 Plutarchum
1380 2810 1416 2842 iu
1432 2809 1627 2850 Gracchis,
1653 2809 1837 2852 Epitornen

1127 2861 1227 2895 Livii.
1253 2861 1390 2902 Schegk.
