2008 3210
346 227 434 271 448

345 335 450 368 habet
464 332 613 367 custodiae
631 335 711 374 tum,
734 341 777 364 ex
789 341 856 375 quo
883 331 981 373 Lips.
997 340 1066 364 cus·

350 386 438 418 todia
454 388 572 417 tulum.

393 436 592 477 Ger-ebaqque
609 444 642 467 se
657 434 705 467 ita
719 435 868 466 adversus
893 433 1064 475 Romanoa]

348 489 436 521 Quae
452 488 518 520 hoc
535 490 572 519 et
587 485 748 528 sequenti
759 488 931 517 commate
948 484 1065 517 dicun-

348 546 420 579 tur,
435 537 656 580 prudentiam
680 535 891 568 Marobodui
916 535 1063 576 singula-

347 600 421 623 rem
439 588 576 622 abunde
592 587 790 620 ostendunt.
819 586 939 619 Ceteri
955 586 1063 627 scrip-

348 647 443 674 tores
472 640 611 683 parcius
626 639 681 671 hic
697 641 815 681 agunt.
850 638 914 682 <An
941 636 1066 680 puduit

348 693 467 734 fateri,
483 690 591 724 fuisse
615 691 707 735 inter
730 691 922 723 Germanos
941 690 1064 722 virum,

334 744 404 787 uui
437 742 589 786 gerenda
626 751 702 784 rep.
750 740 1064 783 constituendoque

345 794 544 837 principatu
560 793 721 826 aemulum
738 796 842 835 agere
866 795 985 834 posset
1010 801 1066 824 eo·

346 856 436 885 rum,
459 845 518 887 qui
544 844 607 877 soli
633 853 676 876 eo
701 843 838 876 nomine
855 843 1012 876 celebres
1028 847 1066 875 et
1089 854 1091 856 ’

349 895 538 939 cupiebant
560 904 637 927 esse
664 898 701 926 et
727 893 959 926 videbantur?
1005 893 1067 925 Ni·

345 948 469 980 mirum
492 950 531 980 et
556 946 658 980 elusit
683 945 921 979 Maroboduus
952 944 1064 977 infini-

346 1006 418 1034 tam
435 1000 669 1033 Rornanorum
687 999 909 1032 ambitionem
933 997 1064 1032 callidi-

319 1046 321 1048 ’
349 1056 438 1092 tate,
467 1055 503 1083 et
530 1051 659 1084 virtute
687 1051 871 1084 coiircuit:
899 1054 936 1083 et
962 1059 1066 1092 quan-

346 1105 420 1134 tum
449 1101 508 1133 ille
537 1101 695 1135 dedisset
722 1100 887 1134 Romanis
921 1100 1064 1143 negotii,

347 1153 415 1186 nisi
442 1152 617 1186 intestinis
641 1153 744 1185 armis
768 1152 880 1185 collisi
907 1152 999 1185 inter
1027 1161 1064 1184 se

348 1205 417 1238 duo
431 1204 629 1238 Germanici
646 1205 780 1237 Martes
795 1203 990 1247 (Arminius
1005 1203 1064 1236 ille

348 1260 438 1291 alter
454 1262 510 1292 est
524 1266 626 1301 quem
653 1255 817 1299 indigito)
837 1255 967 1288 nudum
989 1254 1065 1300 lios-

347 1310 441 1343 tibus
458 1309 547 1342 latus
559 1307 803 1351 praebuissent.
836 1307 957 1340 Macte
972 1315 1064 1338 nunc

334 1369 487 1403 -quoque
525 1360 637 1392 virtus
675 1358 896 1399 Germanica,
933 1357 1066 1389 invicta

346 1410 440 1444 omni
456 1409 649 1452 externavi
664 1410 699 1442 in
711 1410 802 1442 hunc
828 1409 918 1441 diem
933 1407 1064 1450 futura,

347 1462 375 1493 si
403 1461 564 1495 libertati
590 1465 661 1493 tnae
685 1459 872 1494 concordia
903 1462 1063 1492 constan-

347 1512 415 1544 tius
431 1511 618 1552 litavisses,
641 1519 752 1554 neque
771 1510 892 1542 alienae
910 1509 1063 1542 domina-

344 1563 430 1595 tioni
447 1567 544 1596 tuum
560 1562 668 1595 decus
684 1565 721 1594 et
737 1561 941 1604 sanguinem
957 1560 1063 1603 grati-

345 1612 444 1646 ficari
457 1613 647 1646 didicisses.
675 1613 779 1646 Boecl.

392 1665 486 1698 Bello
501 1675 557 1697 nos
571 1666 748 1707 lacesseret,
772 1663 843 1706 ea]
879 1664 1004 1706 Vulgo,
1027 1667 1063 1696 ut

346 1727 443 1760 neque
455 1717 532 1750 bello
546 1727 602 1749 nos
612 1718 816 1750 lacesseretur
829 1726 987 1759 superesse
1001 1716 1063 1748 sibi

344 1769 409 1800 vim
423 1778 460 1800 ac
474 1768 668 1801 volantatem
679 1764 849 1800 resistendi
872 1766 913 1786 *¹*
929 1767 1063 1808 Legati,

344 1821 399 1860 ἅμ’.
444 1819 613 1852 Putarem
630 1819 827 1861 legendum,
852 1828 909 1851 nos
935 1819 1061 1850 lacesse-

343 1873 395 1903 ret
407 1871 420 1910 ,·'
443 1873 478 1903 at
507 1870 536 1902 si
565 1871 782 1911 lacesseretur,
811 1878 970 1911 superesse
999 1867 1062 1900 sibi

343 1922 409 1954 vim
429 1931 466 1954 ac
481 1922 674 1954 voluntatem
689 1920 861 1954 resistendi
876 1921 1062 1952 declararet.

343 1973 474 2015 Legati,
490 1975 544 2015 ὅγε.
591 1973 687 2007 Nam
709 1972 744 2005 in
761 1971 830 2004 fine
848 1971 959 2004 simile
978 1969 1062 2013 quid

345 2025 467 2058 deesse
483 2024 650 2064 videtum
674 2033 752 2056 cum
769 2023 865 2055 sitin
889 2021 1062 2063 exempla·

343 2076 372 2108 ri
388 2077 517 2109 lacuna
535 2076 669 2108 omissae
683 2074 858 2108 dictionis.
884 2074 1029 2107 Rhenan.

350 2132 360 2140 ⁰
387 2126 573 2169 Totumque]
606 2123 837 2159 Scribocum
863 2125 983 2167 Lipsio
1010 2128 1062 2157 tu-

343 2182 483 2222 tumque.
514 2177 618 2220 Thys.
672 2175 860 2218 Totumque]
883 2175 1062 2209 Acidalius

343 2228 526 2262 contendit
540 2227 740 2270 legendum,
750 2228 785 2260 in
799 2230 973 2269 totumque.
989 2227 1061 2259 No-

344 2280 405 2312 lim
421 2279 539 2312 statim
556 2278 739 2312 assentire.
764 2279 910 2311 Boecler.

389 2331 492 2368 Quem
504 2330 605 2371 Lxx]
621 2330 747 2371 Vulgo,
764 2337 823 2361 Lx.
871 2329 972 2366 Quem
983 2327 1061 2369 mn]

344 2384 406 2416 Ex·
419 2382 576 2425 vestigiis
605 2381 735 2414 vetusti
761 2380 891 2413 codicis
915 2383 1063 2422 apparet

344 2434 455 2470 fuisse
497 2443 583 2468 Lxx.
618 2442 719 2466 eraso
762 2441 799 2464 x.
851 2431 1061 2474 posteriore.

347 2485 484 2518 Burrer.

361 2552 371 2562 --
389 2534 542 2576 Noricos]
581 2533 765 2574 Noricum,
793 2532 991 2566 Germaniae
1009 2542 1062 2564 re-

346 2586 417 2629 gio,
447 2595 551 2629 quam
581 2585 794 2618 Ptolemaeus
822 2583 947 2616 definit
974 2583 1061 2616 AEno

344 2635 500 2677 flumine,
524 2636 681 2670 Danubii
711 2640 826 2678 parte,
856 2645 933 2678 quae
948 2638 1005 2668 est
1018 2633 1061 2667 ab

345 2686 434 2719 AEno
450 2687 494 2724 ad
511 2690 665 2720 montem
683 2687 832 2727 Cetium,
857 2690 976 2719 monte
999 2686 1063 2718 Ce-

346 2737 409 2779 tio‚
417 2738 608 2780 Pannoniae
619 2741 719 2779 parte
732 2742 771 2771 et
781 2741 898 2770 monte
911 2737 1063 2774 Carvan-

348 2797 402 2820 ca.
447 2788 516 2820 Sed
533 2793 713 2831 postquam
729 2788 809 2821 Boii
832 2787 968 2821 exactis
995 2787 1064 2820 Ro-

348 2837 657 2882 manisin‘partem
671 2839 891 2883 Vindeliciae,
914 2849 992 2882 qnae
1014 2839 1062 2871 in-

1099 2501 1102 2503 -
1114 2478 1210 2510 docti
1226 2477 1436 2510 existimant.

653 235 800 268 No‘rAE
833 233 1103 266 vamonum
1139 234 1190 266 m
1226 215 1518 267 PA'riznouu

1100 319 1171 363 *ter
1186 330 1318 372 Lycum·
1335 334 1373 363 et
1386 331 1509 366 AEuum
1521 330 1633 373 jacet,
1658 329 1830 374 immigrass

1115 385 1214 425 runt,
1225 382 1343 414 evenit
1356 386 1396 414 ut
1410 382 1438 413 is
1454 382 1560 414 etiam
1583 385 1728 421 tractus,
1753 386 1828 416 tum

1115 433 1254 474 Norici,
1286 437 1361 465 tum
1390 433 1542 466 Boiai-ia»
1568 433 1640 465 sive
1660 433 1827 466 nume

1113 493 1237 516 nomen
1254 484 1441 525 acciperet.
1473 484 1552 518 Quo
1565 493 1679 526 sensu,
1691 483 1748 527 (ut
1758 485 1830 518 suis

1114 534 1240 567 litteris
1255 534 1298 566 ad
1323 544 1377 567 me
1409 535 1460 568 M.
1488 536 1650 568 velserus
1665 534 1830 577 monuit,)

1114 594 1190 617 eam
1206 584 1385 617 Diaconus
1400 588 1431 618 3.
1469 585 1686 627 Langobard.
1698 585 1829 627 descri-

1114 635 1178 675 bit,
1203 635 1254 667 his
1271 635 1410 669 verbis:
1433 636 1443 654 ‘
1462 636 1629 671 Noricum
1655 636 1828 680 siquidem

1114 686 1295 728 provincia
1310 696 1413 729 quam
1438 687 1655 720 Boiariornm
1679 687 1828 730 populus

1113 737 1262 778 habitat,
1277 737 1384 770 habet
1410 737 1454 770 ab
1479 737 1627 770 Oriente
1654 737 1831 773 Pannoni-

1115 797 1182 830 am,
1211 788 1255 820 ab
1269 787 1467 821 Occidente
1482 787 1655 829 Samiam,
1677 780 1829 823 aZMeri-

1114 839 1171 871 die
1187 839 1339 881 Italiam,
1366 838 1410 871 ab
1435 838 1614 882 Aquilonis
1629 847 1712 873 vero
1726 844 1828 883 parto

1115 889 1272 922 Danubii
1289 888 1447 922 fluenta.’
1490 890 1644 932 Beyem,
1668 889 1744 924 sive
1761 891 1831 926 Bn-

1114 941 1208 973 varia
1223 950 1324 973 nunc.
1369 940 1577 975 Noricorum
1591 940 1675 974 duas
1689 941 1829 983 provin-

1114 991 1186 1023 cias
1200 995 1362 1023 numerat
1386 991 1466 1023 Sex.
1484 989 1620 1032 Ruffns,
1643 990 1727 1027 item
1751 992 1829 1027 Lib.

1114 1041 1229 1074 Notit.
1266 1042 1276 1060 ‘
1299 1040 1623 1084 Mediterraneum,'
1673 1046 1712 1076 et
1735 1042 1746 1061 ‘
1769 1043 1828 1076 Ri-

1115 1095 1247 1136 pense.’
1261 1093 1431 1129 Noricum
1447 1092 1613 1134 Ripense.
1629 1092 1745 1137 Hujus
1759 1103 1830 1127 uie·

1099 1144 1215 1177 *minit
1231 1144 1306 1178 Lib.
1323 1143 1435 1178 Notit.
1446 1144 1500 1179 Ex
1515 1153 1557 1176 eo
1568 1143 1720 1178 Austriae
1736 1147 1829 1178 trac·

1115 1200 1188 1229 tum
1203 1190 1291 1229 facit
1306 1195 1442 1237 Liuius,
1469 1194 1527 1238 qui
1543 1198 1598 1228 est
1623 1205 1645 1228 a
1669 1195 1832 1238 Patavio,

1114 1247 1288 1280 Viennam
1328 1256 1451 1289 usque,
1500 1246 1675 1289 vulgoque
1713 1245 1828 1280 Haus-

1118 1298 1220 1331 stuck
1234 1298 1373 1332 dicitur.
1417 1297 1567 1330 Noricos
1592 1297 1674 1330 olim
1688 1297 1829 1332 Tauris·

1115 1359 1174 1382 cos
1201 1354 1356 1391 vocatos,
1384 1348 1508 1381 scribit
1530 1347 1664 1382 Plinius
1692 1357 1751 1382 ιιι.
1773 1351 1830 1383 20.

1115 1399 1232 1433 Hodie
1247 1400 1340 1442 apud
1355 1399 1417 1432 hos
1440 1398 1590 1432 eosdem,
1606 1399 1709 1442 hujus
1733 1401 1828 1434 voci·

1113 1452 1223 1484 multa
1238 1453 1428 1494 supersunt
1451 1450 1606 1483 locorum
1621 1451 1773 1493 nomina,
1788 1456 1827 1486 ut

1115 1502 1407 1543 Krunder-Taurn,
1435 1500 1690 1543 Faber-Taum,
1718 1501 1827 1537 Karn-

1117 1548 1239 1593 Taum,
1253 1555 1308 1594 ᾅτ.
1332 1551 1448 1585 Ortel.
1581 1586 1585 1590 ,

1158 1604 1294 1637 Initium
1307 1603 1513 1646 eiusfinium]
1535 1603 1724 1647 Exemplar
1740 1603 1828 1639 suti-

1114 1666 1229 1699 quum,
1249 1655 1379 1689 initium
1389 1654 1477 1696 cnjus
1489 1652 1829 1699 finium.Burrerius.
1869 1652 1872 1654 ⁷

1159 1708 1286 1750 Cattos]
1329 1707 1435 1748 Catti,
1468 1706 1670 1740 Germamiae.
1695 1708 1829 1751 populi,

1113 1759 1260 1792 Tacito:
1295 1758 1448 1800 Chanar,
1463 1756 1596 1800 χάτται,
1621 1757 1827 1800 Ptolemaeo.

1113 1811 1250 1844 Hessen
1274 1814 1355 1842 suut
1394 1809 1442 1842 H.
1478 1808 1584 1843 Junio
1608 1813 1646 1842 et
1670 1808 1827 1852 Georgia

1113 1861 1294 1894 Fabricio:
1318 1860 1401 1893 mihi
1428 1870 1578 1903 quoque.
1598 1880 1600 1882 -
1621 1859 1727 1903 Apud
1740 1871 1826 1904 quos

1112 1912 1280 1946 hactenus
1331 1907 1606 1953 Katz‘enelebo'gen
1642 1916 1828 1955 supeream

1100 1964 1212 2008 quasi
1228 1965 1336 2006 dicas,
1350 1965 1532 1997 Cattornm
1547 1964 1705 1998 Ancona.
1719 1961 1829 1998 Willi-

1114 2016 1192 2049 chio
1208 2026 1290 2048 vero
1313 2019 1392 2049 sunt
1407 2015 1467 2059 qui
1481 2015 1676 2062 Mai-chiam
1690 2015 1828 2048 Buden-

1114 2078 1187 2101 sem
1203 2072 1239 2100 et
1254 2068 1330 2100 loca
1353 2066 1465 2100 vicina
1484 2067 1663 2100 habitant:
1687 2077 1775 2110 quos
1790 2071 1828 2100 et
1889 2080 1892 2082 ·

1114 2119 1275 2152 Caritnos
1290 2118 1473 2151 Ptolemaei
1489 2122 1599 2160 putat.
1621 2117 1718 2150 Catti
1732 2122 1828 2159 post·

1100 2180 1155 2203 ,ea
1170 2170 1204 2202 in
1219 2170 1362 2202 insulam
1382 2169 1594 2202 Batavorum
1617 2168 1827 2210 transgressi

1113 2222 1275 2267 (auctore
1288 2220 1428 2263 Tacito)
1442 2220 1501 2253 ubi
1516 2219 1620 2252 hodie
1633 2219 1752 2252 horum
1768 2230 1828 2252 no-

1112 2273 1212 2305 minis
1237 2272 1384 2314 vestigia
1417 2275 1602 2313 supersunt
1630 2270 1668 2303 in
1694 2270 1826 2304 duobus

1113 2324 1212 2366 vicis,
1236 2323 1487 2366 cognominatis
1515 2322 1560 2355 ad
1583 2332 1692 2364 mare,
1715 2327 1754 2356 et
1783 2323 1827 2356 ad

1099 2376 1284 2408 -Rhenum.
1304 2375 1406 2407 ortel.
1433 2373 1559 2416 Cattos]
1581 2375 1735 2407 Batavos
1747 2374 1828 2406 olim

1113 2427 1205 2459 inter
1236 2427 1371 2466 Cattos,
1396 2435 1524 2469 eosque
1563 2434 1655 2458 nune
1685 2425 1830 2467 Hessos,

1483 2476 1599 2519 Atque
1615 2476 1651 2509 in
1662 2485 1738 2509 eam
1753 2485 1828 2509 rem

1113 2540 1203 2563 nova
1212 2534 1415 2572 argumenta
1427 2528 1544 2571 prodit
1557 2537 1733 2570 generosae
1747 2527 1827 2561 stir-

1114 2582 1166 2624 pis
1182 2586 1219 2614 et
1234 2581 1403 2623 elegantis
1422 2580 1551 2623 ingenii
1567 2578 1750 2622 splendore
1766 2588 1827 2611 no-

1113 2633 1295 2666 bilissimus
1309 2633 1418 2666 Janus
1439 2633 1561 2664 Dousa
1574 2630 1677 2672 filius,
1691 2632 1827 2664 Catzen-

1102 2685 1178 2726 'fort
1206 2685 1250 2718 ad
1278 2685 1418 2717 Dilliam
1439 2683 1593 2727 fluvium,
1613 2687 1651 2716 et
1660 2682 1766 2716 -vforte
1781 2693 1827 2716 an

1101 2739 1236 2770 -Katers
1245 2735 1422 2770 Hirsfeldo
1432 2734 1574 2777 oppido,
1583 2737 1621 2767 et
1629 2734 1828 2775 Katersberg

1100 2786 1304 2820 -Wanfredo
1330 2786 1493 2819 vicinum.
1537 2785 1653 2819 Quare
1670 2784 1828 2818 ‹Batavo-

1103 2849 1190 2872 -rum
1203 2842 1374 2877 ,veterum
1390 2838 1426 2870 iu
1440 2835 1567 2869 Hassis
1591 2834 1702 2873 sedes.
1747 2836 1826 2870 Quo
