2008 3210
354 213 443 258 456

369 326 371 331 ²
400 322 512 363 Neque
524 319 709 363 instantem]
732 323 840 364 Lego,
862 327 902 354 ut
916 332 1069 364 congrua

355 371 402 404 sit
425 372 550 412 oratio,
579 372 688 413 Neque
715 373 870 405 instantes
896 373 1072 409 sustinens.'

354 422 602 465 Supprimitur,
623 434 679 455 nos
695 425 748 456 vel
763 427 897 466 nostros,
913 429 951 456 ut
966 425 1002 456 in
1017 434 1068 457 se-

355 470 554 516 quentibus,
580 474 668 507 nobis
695 476 749 507 vel
775 477 902 508 nostris.
954 475 1069 508 Aliter

355 525 415 557 vix
432 529 507 564 est‚-
520 530 559 558 ut
576 526 709 558 Latinis
733 526 870 559 auribus
888 527 1066 568 probetur.

352 576 482 610 Acidal.
530 577 670 618 [Potest
689 582 804 610 tamen
820 578 863 610 ad
876 579 998 612 ducem
1015 589 1067 612 re-

353 625 467 668 ferri.]

399 678 528 720 Aciem]
552 679 669 721 Vulgo
694 680 803 713 etium.
846 680 972 722 Aciem]
997 682 1067 714 Ha-

353 729 416 762 bet
428 739 482 762 ex.
492 735 564 763 vet.
575 731 782 771 diligentibus
790 732 898 764 aciem.
944 734 1067 766 Lectio

355 781 462 823 igitur
477 782 678 824 marginalis
704 787 894 824 reponatur
917 785 951 815 in
976 784 1068 816 ordi-

353 843 434 866 nem
463 844 571 867 suum.
608 834 739 867 Manat.
783 834 910 877 Aciem]
950 835 1068 868 Editio

353 890 469 927 vetus,
483 886 754 928 &rigentibusque
769 887 940 928 etiamne.
964 886 1068 921 Quod

354 939 444 972 male
466 938 623 972 defendit
647 939 795 982 Lipsius,
820 950 897 972 cum
918 941 1068 972 alterum

354 990 424 1023 ΜΒ.
443 991 654 1023 auctoritate
671 991 718 1022 sit
729 990 922 1024 subnixum.
951 991 1038 1024 Voss.

399 1042 512 1074 Monte
526 1041 675 1083 Claudio]
699 1043 709 1060 ‘
723 1041 869 1074 Alman'
886 1046 988 1074 vocat
999 1042 1066 1075 Dio

353 1093 413 1126 lib.
425 1103 515 1127 Lvu.
537 1093 675 1133 Sohegk.
719 1094 832 1126 Monte
845 1093 995 1134 Claudio]
1018 1094 1068 1126 Si-

354 1149 430 1177 tum
446 1144 612 1178 describit
629 1144 762 1177 Plinius
774 1145 868 1178 Hist.
886 1146 1066 1178 Naturalis

354 1194 415 1228 lib.
432 1204 490 1228 111.
507 1205 586 1237 cap.
602 1198 657 1228 25.
681 1196 691 1214 ‘
708 1196 811 1228 Mons
821 1196 996 1238 Claudius,
1011 1207 1068 1230 cu-

349 1246 409 1287 jus
424 1246 460 1280 in
474 1245 590 1279 fronte
607 1247 792 1289 Scordisci,
813 1247 846 1279 in
864 1254 964 1290 tergo
979 1249 1067 1280 Tau-

352 1296 460 1330 risci!
505 1298 577 1330 Dio
601 1298 638 1330 in
663 1299 727 1331 hac
741 1299 942 1332 narratione
960 1300 1068 1333 Almae

352 1348 479 1381 montis
489 1349 656 1384 meminit.
678 1349 756 1383 Nec
769 1355 874 1391 errat,
884 1351 976 1393 qnod
990 1361 1069 1384 cen-

354 1399 425 1431 suit
448 1399 655 1442 Schegkius.
700 1400 817 1433 Multo
847 1403 959 1446 minus
990 1412 1067 1435 cor·

353 1454 476 1492 ruptus
492 1455 559 1492 est,
574 1455 614 1483 ut
631 1452 779 1494 putabat
791 1453 937 1495 Popma.
974 1454 1066 1487 Nam

353 1505 391 1534 et
407 1500 508 1533 Alma
523 1512 620 1534 mons
627 1503 734 1544 juxta
746 1503 907 1536 Sirmium
916 1504 952 1536 in
967 1505 1066 1538 Scor-

353 1552 467 1586 discis.
491 1553 568 1586 Hoc
579 1555 692 1597 liquet
703 1564 747 1586 ex
759 1555 880 1588 Flavio
891 1556 1062 1598 Vopisco:

352 1613 456 1646 quem
484 1610 687 1647 sequuntur,
713 1610 774 1639 aut
787 1607 990 1640 exscribunt
1004 1618 1066 1650 po-

353 1655 438 1697 tius,
463 1657 651 1699 Eutropius
678 1662 716 1690 et
741 1657 904 1691 Aurelius
922 1660 1063 1693 Victor:

351 1706 420 1739 nisi
444 1707 538 1750 quod
562 1708 656 1750 apud
683 1709 802 1750 hosce,
829 1715 994 1753 corrupte
1020 1711 1067 1744 sit

352 1758 492 1800 Almam,
508 1768 572 1800 pro
588 1759 728 1792 Almam.
751 1761 906 1794 Vossius.

395 1811 444 1843 At
459 1821 496 1844 ea
509 1810 598 1853 pars]
621 1812 736 1854 Vulgo
751 1813 851 1853 male,
871 1817 967 1845 antea
979 1823 1065 1855 pars.

363 1880 368 1891 ι
397 1861 446 1894 Et
474 1862 615 1903 equitatu
649 1863 750 1905 regio,
776 1864 847 1906 ὅπη]
882 1864 940 1897 Ita
969 1869 1065 1898 recte

354 1906 553 1946 emendavit
563 1915 747 1947 Rhenanus
754 1940 762 1948 .
781 1916 908 1958 Vulgo,
916 1917 1066 1949 Auxilia·

350 1964 495 2006 ribusque
509 1968 540 1998 et
552 1965 707 2007 equitatui
718 1967 820 2009 regio,
830 1969 942 2009 quippe
951 1978 1067 2010 magna

354 2016 510 2049 Thracum
521 2026 616 2050 manu
629 2018 923 2060 vinctusproedictis
936 2021 1066 2055 ducibus

355 2066 478 2099 Rhomo
493 2070 526 2100 et
539 2068 632 2100 Alces
656 2069 799 2102 Thracia
820 2081 881 2103 rex
895 2071 930 2103 in
943 2071 1066 2112 adiuto-

351 2118 449 2159 rium,
463 2121 517 2161 ⁸5⁶·
539 2119 698 2153 Rhenan.
743 2122 790 2153 Et
803 2122 947 2163 equitatu
959 2123 1063 2166 regio]

352 2169 533 2203 Acidalius
548 2175 647 2204 recte
668 2169 833 2214 equitatui.
854 2173 1013 2207 Boecler.

362 2242 368 2253 .
395 2216 639 2265 mmmm]
672 2223 716 2256 In
743 2224 887 2267 antiqua
913 2225 1067 2258 editione

353 2277 421 2314 est,
442 2273 566 2306 Rliomo
581 2270 622 2306 et*
633 2274 742 2315 Alces,
767 2275 829 2307 sed
843 2276 1066 2309 mendosissi-

352 2332 430 2356 me:
455 2324 675 2358 scribendum
689 2326 929 2368 Rlioemetalces,
945 2337 990 2360 ex
1006 2337 1068 2360 an-

353 2373 452 2417 tiquo
479 2371 572 2416 apud
596 2385 652 2408 me
673 2376 879 2409 numismate
901 2387 1005 2418 aereo,
1029 2378 1065 2410 in

352 2426 453 2468 cnjus
465 2436 532 2459 una
544 2430 646 2469 parte
657 2427 795 2470 signata
809 2431 863 2460 est
873 2428 985 2470 imago
997 2428 1066 2461 Au-

353 2477 448 2519 gusti
471 2487 549 2511 cum
588 2479 824 2521 inscriptione,
848 2482 1065 2513 ΣΕΒΑΟΤΟΟ.

354 2532 519 2570 mma,
541 2523 608 2563 &css
624 2530 661 2562 ln
681 2530 795 2562 altera
815 2529 947 2573 effigies
963 2532 1067 2565 Rhoe-

352 2578 509 2613 metalcis
526 2580 618 2623 regis
633 2580 747 2623 hujus,
771 2582 827 2614 cui
851 2582 1066 2626 adscriptum

354 2635 421 2672 est,
434 2631 748 2667 ‘Pomn’rAAxor.
764 2636 974 2668 ΒΑΟΙΛΕΩΟ.
1005 2632 1068 2668 Ur-

352 2682 448 2715 sinus.
478 2683 741 2726 -RhoemetalceaJ
758 2684 816 2718 Ita
827 2686 1010 2727 legendum
1022 2697 1067 2720 ex

353 2732 478 2766 Tacito
501 2733 628 2767 Annal.
652 2743 696 2768 ιι.
723 2739 762 2767 et
787 2737 903 2769 Dione
928 2737 990 2771 lib.
1006 2747 1067 2771 nv.

355 2781 522 2823 adparet:
554 2784 589 2816 in
605 2784 687 2828 quis¹
709 2786 720 2804 ‘
735 2786 1002 2829 Rhomotalces:
1029 2792 1067 2821 et

354 2834 365 2853 ⁸
382 2833 622 2878 Rymetalces’
644 2836 860 2879 exprimitur.
903 2838 1007 2874 Burr.
1029 2844 1067 2873 et

659 209 804 258 ‚tow
841 227 1112 259 unionum
1147 227 1199 260 ιΝ
1234 227 1522 260 pyreneum

1117 323 1171 355 vir
1182 324 1318 366 doctus,
1331 325 1505 367 Maetulcoe,
1516 324 1687 367 imperite.
1710 324 1830 368 &kat-

1115 375 1198 407 kim.

1160 426 1305 468 fugata]
1320 427 1489 469 Mmsuga.
1524 428 1630 460 Forte
1635 427 1727 468 fum-
1740 429 1828 463 Vn&

1117 487 1199 509 snus.
1653 503 1655 505 ·
1825 501 1828 507 .

1159 527 1249 569 Δία]
1285 527 1353 561 Ala
1390 529 1484 562 dicta
1513 529 1670 572 equitum
1702 535 1832 572 tuma,

1117 580 1198 622 quia
1222 581 1331 612 instar
1353 580 1484 613 alarum
1509 581 1645 623 pedites
1669 591 1690 614 a
1715 582 1830 615 latere

1117 631 1285 672 protegit.
1825 659 1828 661 .

1164 681 1330 723 cohortes]
1354 683 1408 714 Ex
1433 683 1623 725 Manipulis
1647 683 1829 718 conficitur

1120 733 1249 766 Cohors.
1296 734 1349 765 Ea
1359 743 1427 766 vox
1441 733 1648 766 Graecanica
1656 739 1722 776 est,
1735 735 1829 777 quod

1118 785 1273 817 clausum
1290 785 1345 817 vel
1361 791 1499 826 septum
1521 785 1555 816 in
1579 786 1754 819 anteriore
1765 787 1830 820 do·

1117 845 1173 867 mo
1188 836 1243 867 vel
1255 835 1337 867 villa
1349 834 1467 877 χόρτον
1478 836 1527 867 illi
1540 836 1719 870 dixerunt.
1764 837 1830 870 La-

1117 885 1182 917 tini
1211 885 1390 927 Cohortem,
1416 887 1471 919 vel
1495 887 1665 926 Clam-tem,·
1688 897 1766 921 nam
1790 893 1828 922 et

1108 936 1166 968 *sie
1204 936 1415 969 scribebant.
1474 937 1627 978 Martial.
1663 939 1674 957 ‘
1700 939 1827 972 Rauca

1117 987 1268 1020 cohortis
1315 986 1418 1020 aves?
1478 987 1610 1020 Cohors
1644 989 1767 1022 hahuit
1793 992 1826 1024 3.

1117 1038 1518 1081 Manipulos,Hastatos‚
1528 1039 1723 1082 Principes,
1730 1040 1828 1074 Tria-

1117 1090 1206 1130 rios;
1227 1089 1318 1122 adde
1334 1094 1372 1122 et
1384 1090 1530 1129 velites,
1551 1090 1610 1132 qui
1631 1091 1827 1133 manipulos

1116 1140 1278 1173 solebant
1293 1140 1465 1175 comitari.
1510 1141 1589 1173 Fuit
1603 1141 1707 1182 igitur
1727 1142 1832 1184 juata

1117 1195 1155 1223 et
1175 1192 1279 1233 plena
1295 1192 1426 1224 Cohors
1450 1191 1652 1234 legionaris,
1674 1192 1831 1230 homines

1116 1245 1194 1276 420.
1237 1243 1274 1276 Si
1290 1243 1464 1285 pleniores
1483 1243 1656 1285 Manipuli
1671 1250 1708 1276 et
1724 1244 1831 1287 Legi-

1118 1303 1212 1335 ones,
1238 1295 1373 1336 plenior
1402 1299 1440 1328 et
1469 1294 1569 1337 ipsa3
1593 1299 1630 1327 et
1654 1295 1735 1328 inde
1760 1296 1832 1332 (lo-⁴

1118 1346 1234 1378 hortes
1262 1345 1515 1389 quingenarius,
1544 1350 1581 1379 et
1608 1347 1833 1381 sexcenarias

1117 1397 1273 1438 legimus.
1321 1398 1439 1430 Graeci
1454 1397 1642 1431 Cohortem
1654 1399 1757 1442 vulgo
1769 1410 1830 1433 vo·

1119 1452 1201 1479 cant
1215 1449 1358 1490 σπεῖραν,
1382 1453 1420 1480 ut
1434 1453 1470 1480 et
1486 1449 1619 1482 Ennius
1635 1451 1828 1493 usurpavit.

1117 1498 1240 1532 Suidas
1256 1499 1371 1540 Spin-os
1390 1499 1642 1542 interpretatur
1655 1501 1828 1536 Numeros.

1117 1549 1285 1582 cohortes
1301 1560 1417 1582 omnes
1440 1550 1477 1582 in
1503 1550 1696 1593 legionibus
1717 1557 1831 1594 erant,

1116 1610 1260 1634 numero
1287 1602 1448 1644 aequales,
1485 1601 1567 1645 quia
1594 1608 1633 1635 et
1660 1605 1829 1646 manipuli

1118 1653 1217 1686 tales.
1260 1654 1331 1687 Sed
1356 1653 1437 1696 quia
1459 1654 1581 1696 primm
1604 1654 1753 1698 dignitas
1768 1657 1829 1690 ali-

1116 1715 1184 1747 qua
1198 1705 1414 1745 attribuitur,
1427 1705 1462 1737 id
1475 1715 1544 1738 non
1560 1716 1582 1738 a
1595 1715 1751 1750 numero,
1764 1707 1827 1741 ned

1116 1766 1137 1788 a
1167 1755 1351 1798 splendore
1381 1759 1419 1788 et
1447 1756 1598 1798 primatu
1615 1756 1708 1800 fuit,
1734 1758 1827 1805 quod

1117 1807 1220 1849 primi
1236 1806 1277 1841 in
1294 1816 1337 1839 ea
1359 1806 1588 1840 Centuriones
1612 1809 1753 1851 generis
1769 1819 1830 1843 cu-

1109 1857 1251 1901 jusque,
1278 1861 1315 1890 et
1331 1856 1450 1890 forsan
1464 1857 1528 1891 flos
1545 1859 1668 1902 aliquis
1682 1865 1719 1893 et
1735 1861 1830 1895 elec«

1116 1909 1165 1941 tio
1181 1909 1344 1942 virorum.
1367 1908 1461 1951 Lips-

1128 1989 1130 1991 ,
1161 1959 1264 2000 Signa
1276 1959 1450 2002 legionum]
1473 1960 1561 1994 Quae
1572 1961 1830 2005 erantAquilae.

1116 2011 1221 2053 Signa
1256 2012 1434 2054 legionum]
1477 2013 1619 2055 Signum
1664 2014 1828 2057 Legionis

1116 2065 1259 2107 Aquila,
1269 2075 1334 2098 nec
1350 2065 1416 2098 nisi
1431 2066 1632 2107 uniusnna3
1653 2076 1719 2100 nec
1728 2068 1830 2106 2Socii

1117 2116 1268 2160 quidem,
1293 2126 1370 2149 cum
1386 2117 1422 2148 in
1445 2117 1520 2150 aliis
1543 2127 1656 2160 pares,
1670 2119 1830 2152 camlia-

1116 2167 1292 2200 buerunt„
1323 2168 1371 2200 Et
1385 2167 1467 2210 quia
1481 2168 1558 2201 haec
1580 2169 1831 2212 praeeipui.im-

1117 2219 1206 2261 perii
1215 2219 1362 2261 signum,
1377 2219 1536 2261 subjungi
1548 2219 1612 2252 snb
1624 2230 1699 2253 earn
1711 2221 1831 2254 Socios

1116 2271 1310 2312 voluerunt,
1337 2274 1375 2302 et
1399 2269 1554 2311 Auxilia,
1580 2280 1650 2302 non
1673 2280 1828 2304 seorsum

1115 2322 1255 2354 habere.
1313 2322 1440 2364 ltaque
1467 2331 1530 2363 per
1559 2321 1653 2363 ipsas
1683 2321 1827 2366 Aquilas

1114 2373 1343 2406 numerabant
1355 2374 1536 2415 Legiones.
1580 2372 1718 2416 Aquilai
1729 2374 1829 2418 origo

1115 2424 1211 2457 varie
1226 2425 1371 2466 petitur.
1417 2423 1451 2457 A
1463 2425 1553 2458 Jove
1569 2425 1642 2466 alii,
1664 2425 1723 2468 qui
1737 2425 1830 2461 hane

1115 2476 1250 2519 insigne
1275 2476 1411 2508 militiae
1424 2476 1596 2509 habuerit.
1641 2477 1829 2511 Quidam:

1114 2527 1280 2570 Trojanis.
1325 2528 1431 2559 Forte
1454 2527 1598 2560 Romani
1622 2533 1830 2570 repererunt

1117 2591 1138 2613 a
1154 2589 1204 2620 se,
1231 2584 1291 2612 aut
1306 2579 1498 2613 vicinorum
1523 2579 1693 2626 exemplos
1735 2579 1828 2613 Sane

1117 2632 1293 2674 rapacium
1316 2630 1448 2673 aliquot
1475 2627 1672 2676 animalium
1697 2629 1829 2672 effigies

1117 2682 1242 2716 assumi
1258 2687 1296 2715 et
1311 2681 1472 2724 praeferri
1487 2681 1576 2714 bello
1592 2678 1767 2720 convenit,
1777 2702 1780 2703 γ
1790 2685 1829 2714 et

1117 2735 1212 2769 varie
1240 2734 1322 2767 olim
1353 2732 1523 2766 fecerunt,
1544 2727 1703 2780 Romani.
1747 2732 1828 2766 Nec

1117 2787 1209 2819 enim
1232 2786 1338 2819 solam
1363 2784 1524 2828 Aquilam
1547 2782 1656 2825 prisci
1679 2782 1740 2824 illi,
1764 2782 1833 2817 aa&

1117 2838 1218 2881 plura
1230 2835 1401 2879 ejusmodi
1411 2834 1574 2868 animalia
1582 2834 1835 2877 pretulerunt,
