2002 3250
523 263 778 304 ms'ronm
801 263 1041 301 'ROMANAE
1077 269 1173 300 mu.
1208 267 1263 299 11.
1293 256 1364 299 ll.
1630 253 1692 299 89

199 363 333 416 Adeo
349 373 526 414 mature
547 368 729 412 affectis
749 367 796 410 in
816 378 974 422 prava,
995 378 1024 408 a
1042 365 1199 422 pravis
1218 366 1265 407 in
1291 364 1421 417 vitia,
1443 368 1471 407 a
1489 364 1613 407 vitiis
1642 365 1688 408 iri

197 440 484 501 praecipitia¹³
505 439 769 495 pervenitur.
804 435 977 478 Eodem
994 439 1140 490 tractu
1160 438 1412 491 temporum
1422 437 1475 477 ‘et
1491 434 1688 478 'Domitii

201 527 262 557 ex
282 509 536 562 Arvernis,¹¹
555 513 599 552 et
622 507 759 550 Fabii
779 519 839 548 ex
857 503 1180 559 Allobrogibus
1203 503 1393 547 victoria
1411 504 1498 547 fuit
1514 504 1690 558 nobiljsss

202 581 283 639 [U.
309 595 348 625 c.
368 579 471 625 632.
489 592 530 622 a.
550 577 655 621 Chr.
671 590 713 619 n.
735 573 856 628 121]
887 572 1048 626 Fabio,
1075 573 1243 616 Paulli‘
1262 574 1431 630 nepoti,
1459 587 1519 617 ex
1544 574 1690 618 victo-

197 653 265 695 ria
282 661 530 706 cognomen
553 644 844 700 Allobrogico
862 642 1074 686 inditum.
1111 641 1306 687 Notetur
1325 643 1540 686 Domitiae
1559 643 1691 688 fami-

196 721 272 765 liae
291 719 533 777 peculiaris
552 715 780 774 quaedam,
797 716 858 766 et,
875 715 927 756 ut
946 713 1213 766 clarissima,
1231 713 1297 756 ita
1315 716 1488 757 arctata
1506 727 1691 757 numero

196 789 406 843 felicitas.
474 787 675 844 Septem¹
689 789 703 809 ⁸
738 788 843 828 ante
879 783 1016 835 hunc,
1055 783 1350 826 nobilissimae
1386 783 1692 840 simplicitatis

193 859 420 916 juvenem,
443 857 526 902 Cn.
548 854 833 908 Domitium:
864 853 988 897 fuere
1019 851 1247 910 (singuli)2
1284 853 1475 909 singulis
1506 853 1691 896 omnino

198 928 456 985 parentibus
475 927 629 983 geniti,
651 926 731 970 sed
765 917 918 969 omnes
946 923 1007 967 ad
1028 923 1309 967 consulatum
1327 923 1693 980 sacerdotiaque,

198 998 259 1041 ad
280 997 493 1053 triumphi
514 1000 665 1040 autem
683 1009 813 1052 paene
824 1007 980 1038 omnes
994 996 1291 1050 pervenerunt
1308 992 1515 1048 insignia.

259 1067 332 1111 11.
364 1067 546 1110 Bellum
571 1065 731 1109 deinde
749 1065 780 1109 J
784 1064 1087 1120 ugurthinum¹¹
1120 1066 1296 1118 gestum
1326 1065 1395 1105 est
1426 1061 1505 1118 [U.
1526 1074 1567 1105 c.
1587 1061 1695 1106 6454

201 1150 242 1180 a.
263 1135 370 1179 Chr.
391 1149 433 1178 n.
453 1135 575 1189 108.]
609 1148 689 1192 per
723 1133 798 1187 Q.³
821 1132 1068 1185 Metellum,
1097 1131 1212 1175 nulli
1251 1131 1500 1175 secundum
1534 1131 1694 1175 saeculi

201 1205 286 1249 sui.
361 1204 519 1261 Hujus
557 1204 732 1259 legatus
771 1202 860 1246 fuit
897 1201 949 1245 C.
987 1201 1182 1253 Marius,
1214 1214 1347 1257 quem
1380 1199 1693 1257 praediximus,

200 1278 332 1319 natus
361 1277 582 1318 extremm
611 1273 754 1326 loco,¹
781 1272 920 1316 hirtus
940 1276 1077 1327 atque
1103 1270 1328 1323 horridus,
1361 1271 1542 1327 vitaque
1564 1283 1695 1314 sanc-

825 1382 1072 1398 OOOO‘IOOOOOO

201 1453 272 1487 ruit
309 1453 438 1487 Kraus.
476 1452 570 1497 quod
609 1453 709 1487 abest
745 1452 788 1485 ab
827 1451 995 1485 Editione
1031 1450 1153 1494 prima,
1190 1450 1394 1493 absorptum
1417 1449 1510 1482 haud
1544 1448 1650 1483 dubie
1675 1460 1697 1482 a

200 1497 426 1541 praecedente
455 1497 600 1540 syllaba.
644 1497 736 1529 Vide
760 1506 866 1539 supra
896 1506 974 1539 cap.
1005 1497 1128 1528 8.-13
1166 1494 1226 1527 Ita
1247 1494 1465 1537 transposuit
1486 1493 1562 1526 haec
1586 1494 1695 1526 verba

199 1543 275 1576 Jos.
312 1541 440 1575 Sterke
476 1541 724 1584 Suspicionum
761 1542 845 1574 crit.
870 1540 975 1583 Spec.
1012 1549 1038 1573 ι.
1073 1549 1151 1581 cap.
1176 1541 1210 1572 3.
1248 1548 1351 1582 quem
1378 1542 1519 1570 secutus
1545 1542 1599 1570 est
1627 1537 1696 1571 Ed.

201 1586 346 1628 Bipont.
381 1584 446 1618 Ed.
462 1595 516 1627 pr.
539 1595 559 1617 a
573 1585 672 1618 rectis
686 1585 720 1618 in
734 1584 828 1626 vitia,
841 1594 862 1616 a
878 1583 972 1616 vitiis
985 1583 1020 1616 ἱπ
1033 1582 1148 1626 prava,
1161 1593 1181 1615 a
1193 1582 1305 1625 pravis
1320 1582 1354 1614 in
1367 1580 1561 1624 proecipitia.
1577 1581 1697 1614 Ruhn-

200 1630 283 1663 ken.
303 1628 474 1672 ejicienda
489 1632 594 1671 putat
617 1629 654 1661 in
678 1628 772 1668 vitia,
796 1638 817 1660 a
839 1627 1007 1661 vistim—1
1034 1627 1101 1660 Ed.
1127 1636 1180 1669 pr.
1203 1626 1268 1667 uti,
1295 1630 1410 1659 ortum
1435 1634 1479 1658 ex
1500 1625 1580 1659 VII.
1604 1625 1697 1660 unde

201 1673 329 1715 Septem
344 1673 461 1715 Sigon.
474 1672 518 1705 ad
531 1672 610 1705 Liv.
627 1681 733 1706 xxxx.
751 1674 803 1705 18.
820 1670 911 1704 Ald.'
920 1671 1014 1714 Nep.
1029 1670 1095 1704 Ed.
1111 1670 1257 1713 Bipont.
1269 1673 1307 1702 et
1316 1669 1457 1704 Jacobs.
1474 1668 1572 1711 Lips.
1586 1669 1607 1701 1
1612 1665 1698 1705 V?—

201 1719 223 1750 2
245 1715 377 1758 Singuli
400 1716 501 1750 abest
514 1717 560 1749 ab
575 1716 643 1749 Ed·
659 1726 712 1759 pr.
738 1715 800 1748 sed
827 1716 996 1748 insertum
1020 1718 1077 1747 est
1099 1723 1143 1746 ex
1170 1713 1377 1756 conjectura
1401 1712 1621 1746 mansit—3
1638 1712 1698 1754 Ita

202 1760 268 1794 Ed.
284 1761 390 1795 Busil.
411 1760 478 1795 Ed.
501 1770 555 1804 pr.
575 1762 771 1803 perquem—4
794 1758 860 1793 Ed.
876 1768 930 1803 pr.
947 1758 1096 1802 eqtoestri,
1121 1756 1216 1801 quod
1239 1757 1495 1791 damnaverunt
1518 1756 1699 1800 principes

880 1856 1025 1892 NOTAE

203 1925 233 1958 si
249 1924 326 1969 quis
341 1933 403 1958 sex
421 1923 574 1958 millibus
596 1922 839 1958 sestertiorum
865 1932 925 1956 an-

203 1988 351 2011 nuorum
382 1977 477 2011 aedes
513 1977 743 2020 conduceret,
783 1980 926 2010 senator

204 2029 263 2062 vix
279 2033 544 2072 agnosceretur.

202 2082 206 2087 '
246 2085 262 2107 ¹¹
287 2080 343 2113 Ex
364 2079 536 2122 Arvernis]
588 2079 738 2112 Arverni
765 2083 802 2113 et
829 2078 926 2112 Alio·

203 2131 330 2175 broges
351 2131 558 2174 transalpini
573 2135 657 2164 sunt
682 2131 825 2174 populi:
853 2131 926 2164 vul-

206 2193 263 2227 go,
279 2184 340 2217 Les
354 2183 568 2226 Auvergnats,
583 2187 614 2216 et
629 2185 676 2216 les
690 2183 882 2227 Savoyards.

247 2239 261 2257 Γ
284 2235 407 2278 Paulli]
430 2235 579 2277 AEmilii.}

249 2292 261 2308 ⁸
275 2287 420 2330 Septem]
442 2287 674 2321 Scribe-ndum
691 2291 757 2325 est,
774 2286 838 2320 IV.
852 2289 927 2319 ante

205 2339 298 2380 hunc,
317 2338 354 2371 id
376 2342 442 2380 est,
465 2342 617 2382 quatuor
645 2342 728 2372 ante
751 2339 862 2380 hunc;
887 2342 927 2371 ut

208 2390 384 2424 sententia
413 2391 472 2433 sit,
497 2391 533 2423 in
560 2399 630 2423 una
660 2389 793 2423 familia
817 2388 926 2423 fuisse

208 2446 357 2485 quatuor
371 2442 516 2486 singulis
539 2442 742 2485 parentibus
766 2441 926 2484 genitos;

207 2493 372 2537 ipsosque
390 2493 542 2537 singulos
568 2493 664 2537 (nam
687 2494 774 2527 illud
800 2502 927 2534 rarum,

208 2545 300 2589 quod
330 2545 485 2579 Velleius
515 2544 700 2589 intelligit)
744 2555 788 2578 ex
818 2544 927 2578 unicis

208 2606 347 2639 semper
372 2597 491 2630 unicos
512 2601 631 2630 natos:
655 2602 694 2631 et
719 2606 780 2630 eos
807 2604 926 2630 omnes

209 2647 253 2681 ad
270 2649 486 2682 consulatum
502 2648 719 2691 pervenisse.
761 2649 856 2691 Ergo
871 2657 930 2680 ve-

209 2699 268 2733 lim
283 2700 387 2733 scribi
407 2700 539 2742 singuli,
563 2709 632 2733 non
653 2699 790 2741 singulis
805 2708 929 2742 pareu-

210 2750 302 2784 tibus
318 2751 428 2793 geniti
442 2762 451 2784 :
467 2751 559 2794 qnod
575 2750 703 2784 clarius
715 2754 772 2783 est
784 2748 829 2782 ad
838 2750 929 2782 banc

210 2802 420 2835 sententiam
447 2801 725 2845 exprimendam.
772 2799 805 2833 A
827 2799 930 2833 nobis

213 2855 267 2885 est
281 2851 464 2886 Suetonius
489 2853 523 2886 in
548 2853 753 2887 Domitiano
769 2856 930 2885 stemma-

214 2907 269 2936 te:
293 2902 353 2937 ubi
376 2907 559 2939 enumerat
581 2903 626 2939 ab
654 2902 810 2938 Domitio
836 2903 930 2937 Allo—

979 1922 1122 1966 brogico
1159 1925 1311 1967 quatuor
1346 1932 1367 1956 e
1394 1921 1599 1966 parentibus
1630 1920 1701 1955 suis

979 1976 1099 2009 unicos
1125 1974 1169 2008 ad
1192 1975 1387 2009 Domitium
1412 1984 1537 2018 usque,
1564 1977 1701 2016 patrem

980 2027 1144 2068 Neronis,
1157 2027 1227 2070 'qui
1243 2032 1298 2060 est
1313 2027 1373 2060 ille
1397 2027 1472 2070 ipse
1499 2020 1701 2069 velleianus

979 2078 1203 2112 nobilissimae
1217 2079 1452 2122 simplicitatis
1458 2079 1612 2122 juvenis.
1635 2077 1701 2112 At-

980 2129 1040 2173 qui
1056 2139 1174 2162 omnes
1194 2129 1252 2162 isti
1267 2131 1437 2164 consules.
1479 2130 1551 2163 Sed
1577 2130 1623 2163 de
1641 2131 1703 2163 tri—

980 2182 1108 2224 umpho
1123 2180 1231 2225 quid?
1276 2180 1333 2214 An
1349 2181 1377 2214 is
1393 2181 1498 2214 etiam
1515 2180 1560 2214 ad
1574 2180 1702 2214 'omnes

979 2233 1157 2275 pertinet?
1180 2228 1339 2265 Minime'.
1382 2232 1454 2265 Sed
1469 2232 1642 2266 duntaxat
1657 2230 1703 2265 ad

982 2289 1064 2318 tres.
1109 2285 1266 2319 Quorum
1292 2283 1362 2316 duo
1385 2283 1702 2326 triumphaverunt,

982 2335 1163 2370 Domitius
1185 2335 1441 2378 Allobrogicus,
1467 2340 1505 2369 et
1528 2335 1703 2369 Domitius

982 2388 1147 2424 Calvinus
1163 2387 1207 2421 de
1223 2388 1410 2430 Hispanis:
1427 2387 1518 2420 alter
1531 2397 1616 2421 vero
1627 2388 1703 2420 Do-

982 2440 1110 2482 mitius,
1139 2450 1223 2473 avus
1254 2439 1419 2482 Neronis,
1445 2439 1512 2472 sub
1542 2439 1703 2483 Augusto

983 2493 1134 2526 donatus
1161 2495 1218 2525 est
1242 2491 1458 2525 ornamentis
1485 2491 1703 2534 triumphali-

982 2545 1061 2587 bus,
1074 2554 1118 2577 ex
1134 2543 1348 2577 Germanico
1363 2543 1469 2576 bello.
1515 2543 1630 2579 Quam
1646 2552 1706 2576 no·

983 2598 1094 2631 tulum
1106 2596 1226 2640 Lipsio
1240 2595 1418 2629 debemus.
1546 2590 1552 2596 ’

1025 2649 1036 2670 ¹
1060 2649 1122 2681 Cn.
1140 2646 1338 2689 Domitium]
1366 2646 1434 2681 Qui
1449 2651 1572 2688 postea
1588 2646 1702 2680 Nero·

982 2700 1037 2733 nis
1053 2705 1156 2744 pater
1170 2698 1249 2732 suit.
1332 2720 1336 2725 -

1027 2756 1042 2773 ¹¹
1077 2747 1326 2792 Jugurthinum]
1366 2746 1543 2780 Adversus
1573 2746 1705 2790 Jugur-

983 2803 1080 2836 tham
1095 2799 1272 2835 Numidiae
1287 2808 1418 2841 regem.
1456 2798 1559 2834 Quod
1574 2798 1703 2832 benum

984 2853 1060 2886 fuse
1073 2851 1260 2894 descripsit
1273 2849 1468 2883 Sallustius.

1029 2908 1045 2927 ⁸
1071 2904 1179 2937 Natus
1208 2905 1350 2937 extremo
1374 2901 1456 2944 loco]
1501 2901 1595 2945 Lege
1624 2911 1704 2936 cum
