2008 3210
345 239 433 284 304

346 359 391 383 ex
417 349 472 390 iis,
497 358 574 392 quae
598 349 640 381 de
665 349 886 384 Athletarum
912 362 1060 393 corpore

344 401 466 435 scribit
484 400 720 443 Hippocrates
746 401 941 443 Aphorism.
959 402 1018 435 lib.
1034 412 1060 435 1.

345 455 374 496 ᾧ.
401 457 433 486 2.
482 454 534 485 Ἐν
562 455 646 485 τοῖσι
671 456 930 494 ’γυμναστικοῒσιν
954 455 987 487 αἶ
1011 454 1061 486 ἐπ’

345 503 440 547 ἄκρον
452 503 574 546 εὐεξίαι,
590 504 758 546 σφαλεραὶ,
773 505 811 543 ἢν
827 505 860 537 ἐν
874 507 920 546 τῷ
933 504 1061 547 ἐσχάτῳ

345 555 449 589 ἔωσιν
472 557 507 588 οὔ
529 556 592 598 ’γὰρ
614 555 760 587 δύνανται
778 555 882 596 μένειν
898 557 931 589 ἐν
944 559 989 598 τῷ
1007 557 1059 589 αὖ·

344 608 418 650 τέῳ,
433 608 502 640 οὐδὲ
519 606 690 649 ἀτρεμέειν.
732 608 816 640 Ἐπεὶ
832 607 866 641 δὲ
893 609 949 641 οὐκ
970 609 1063 651 ἆτρεέ

344 661 483 702 μεόυσιν,
507 659 580 692 οὐδέ
591 672 623 691 τι
646 658 793 692 δύνανται
808 659 858 702 ἐπὶ
872 660 911 692 τὸ
928 659 1059 697 βέλτιον

345 712 523 751 ἐπιδιδόναι,
539 709 683 742 λείπεται
699 708 750 742 ἐπὶ
763 709 802 741 τὸ
816 711 924 752 χεῖρον
937 722 945 742 ;
974 711 1057 743 Ath-

343 765 476 798 letamm
491 762 563 794 boni
588 762 725 802 habitus,
746 762 787 793 ad
809 771 963 793 summum
984 772 1058 803 pro-

340 805 465 855 gressi,
472 813 650 856 periculosi,
664 813 692 844 si
706 823 747 845 ex
760 815 899 844 extremo
912 813 1058 845 constite-

343 867 420 898 rint.
444 865 554 907 Neque
568 865 651 897 enim
662 867 794 906 possunt
805 864 840 895 in
850 862 954 896 eodein
967 868 1056 897 statu

340 926 524 958 permanere
544 926 641 957 neque
661 916 828 958 quiescere.
875 917 957 948 Cum
985 927 1056 948 tero

306 1005 308 1007 ,
342 978 404 1000 non
438 969 610 1010 quiescant,
634 976 733 1009 neque
759 967 846 999 ultra
872 968 993 1008 possint
1021 969 1056 1000 in

341 1019 454 1052 mlius
463 1019 614 1061 proficere
623 1029 636 1056 ‚·
658 1017 811 1059 reliquum
825 1021 885 1059 est,
904 1022 939 1050 ut
953 1018 987 1051 in
1002 1020 1055 1051 de-

341 1071 443 1104 terius
455 1070 613 1102 labantur.
638 1069 793 1101 Vossius.

386 1121 530 1161 Pet-fecti
541 1121 644 1163 operis
652 1115 907 1163 impedimentum
913 1122 972 1164 sit]
990 1123 1055 1155 Re-

340 1174 446 1207 sist0.·
461 1172 616 1206 Perfecti
630 1173 830 1215 patratique
846 1173 960 1215 operis
973 1184 1055 1216 quo-

341 1225 445 1258 modo
479 1224 620 1267 aliquod
656 1224 942 1266 impedimentum
979 1234 1055 1257 esse

342 1278 481 1320 potest?
504 1286 568 1308 nec
583 1276 640 1308 Dii
655 1275 857 1318 quidem,ut
868 1279 967 1308 vetus
980 1285 1056 1308 ver-

342 1328 424 1361 bum
439 1327 572 1368 habuit,
595 1326 838 1359 revocaverint
859 1330 921 1358 ant
945 1326 1054 1368 impe-

341 1380 471 1413 dierint
497 1378 602 1412 facta.
647 1377 841 1410 Vide-num
868 1377 1053 1419 legendum

339 1430 587 1468 indicamentum
610 1428 667 1462 sit.
719 1428 846 1461 Velleii
875 1438 972 1461 mens
1002 1429 1054 1461 ita

341 1482 477 1523 suadet,
490 1481 548 1524 qui
558 1480 633 1523 jam
648 1482 729 1512 ante
745 1479 836 1512 dixit
848 1479 859 1498 ‘
877 1478 1052 1512 difficilem

339 1534 375 1570 in
392 1532 551 1575 perfecto
566 1541 698 1564 moram
725 1530 833 1564 esse:’
856 1535 893 1563 et
914 1531 1052 1572 ingenia

339 1594 439 1617 novae
462 1583 574 1615 laudis
599 1582 738 1615 stimulo
762 1582 924 1614 aliorsum
951 1583 1053 1624 trahi,

278 1667 280 1669 ,
338 1639 378 1667 ,εἰ
397 1643 553 1677 quaerere
568 1633 736 1666 illibatam
752 1634 943 1667 materiam.
982 1634 1054 1666 Ita-

339 1697 406 1730 que
422 1696 514 1719 nunc
541 1685 661 1718 addit-z
684 1685 870 1718 maximum
892 1686 958 1719 hoc
977 1696 1053 1718 esse

339 1735 490 1780 perfecti
505 1737 620 1778 operis
635 1736 812 1778 iudicium,
828 1737 964 1770 transiri
982 1737 1054 1769 vul-

340 1798 383 1831 go
399 1787 444 1821 ad
465 1788 559 1820 aliud
587 1798 682 1830 opuS.
726 1787 866 1828 Lipsius.
911 1788 1054 1828 Perfecli

338 1841 442 1882 weris
455 1840 711 1882 impedimentum
731 1840 790 1881 sit]
815 1839 951 1882 Lipsius
973 1841 1061 1873 indi..

337 1894 514 1924 contentum
536 1891 700 1923 volebat:
721 1900 763 1922 eo
789 1891 879 1932 quod
903 1891 1054 1932 perfecti

334 1942 408 1984 jam
434 1942 630 1984 patratique
651 1942 767 1984 operis
788 1942 919 1974 nullum
943 1944 1053 1984 possit

338 2002 414 2026 esse
427 1992 726 2034 impedimentum.
749 1992 818 2024 Sed
832 1993 970 2025 omnino
985 2002 1052 2025 non
1069 2032 1073 2035 ἱ

338 2047 392 2076 est
405 2043 573 2076 tentanda
589 2043 663 2075 hoec
684 2042 803 2082 lectio,
819 2052 884 2085 qua
900 2043 1052 2083 Velleius

335 2094 422 2127 nihil
445 2093 551 2134 aliud,
577 2102 680 2135 quam
704 2093 739 2124 id
768 2093 964 2134 exprimere
981 2100 1052 2126 stu-

338 2143 444 2184 duit,
459 2144 539 2176 dum
565 2143 732 2185 homines,
754 2143 982 2185 desperantes
1006 2154 1051 2177 ae-

336 2195 559 2234 mulationem
574 2194 724 2237 perfecti
740 2195 814 2237 jam
829 2195 873 2227 ab
888 2195 956 2228 alio
971 2205 1052 2238 ope-

336 2247 397 2287 ris,
423 2247 507 2279 alias
533 2246 597 2278 sibi
620 2247 693 2278 vias
719 2246 865 2290 subinde
881 2251 1057 2289 quaerunt,

336 2296 426 2339 fieri,
441 2302 479 2330 ut
498 2296 718 2339 perfectioris
735 2298 848 2339 operis
862 2298 971 2339 gloria
985 2298 1050 2330 hoc

337 2352 444 2391 pacto
460 2348 583 2380 relicta
605 2348 767 2380 diuturna
792 2357 860 2379 non
882 2347 946 2379 sit:
971 2357 1050 2380 cum

337 2399 434 2440 alias,
451 2399 479 2431 si
501 2399 671 2440 praeclara
690 2398 827 2440 ingenia
853 2407 1049 2440 persevera-

336 2453 419 2487 rent
434 2450 470 2482 in
486 2459 528 2482 eo
544 2450 641 2490 eniti,
665 2449 701 2481 in
720 2459 788 2491 quo
805 2449 880 2490 jam
901 2448 986 2480 alios
1001 2449 1049 2480 vi-

338 2500 422 2533 dent
436 2501 655 2541 excelluisse,
669 2500 802 2532 directa
822 2500 897 2532 haec
912 2500 956 2531 ad
973 2509 1050 2541 per-

334 2550 524 2584 fectionem
549 2551 666 2592 operis
694 2551 749 2582 vel
779 2551 1049 2582 conservandam

338 2604 394 2642 vel
419 2603 608 2636 ornandam
625 2604 680 2636 via
706 2601 821 2635 foret!
872 2603 936 2635 Est
965 2613 1048 2645 ergo

337 2654 348 2673 ‘
361 2654 644 2696 impedimentum
662 2650 809 2696 perfecti
825 2654 959 2696 operis'
984 2655 1049 2687 hoc

338 2707 414 2738 loeo
435 2706 670 2748 detrimentum,
692 2714 760 2748 quo
790 2703 963 2748 perfectio
987 2705 1049 2738 ali·

656 254 802 288 No‘rAE
837 253 1105 287 VARIORUM
1137 255 1191 286 IN
1224 255 1515 290 PATERGUM

1109 350 1208 393 cnjus
1223 352 1273 384 rei
1283 352 1499 395 debilitatur,
1511 364 1578 396 quo
1588 353 1671 395 ἀκμὴ
1685 354 1730 389 ad
1743 356 1822 399 inp·

1110 401 1212 441 ακμὴν
1239 403 1437 444 inclinatur,
1462 405 1618 448 adeoque
1643 406 1822 451 fastigium

1111 460 1148 486 et
1164 455 1401 495 praecellentia
1416 457 1487 497 illa,
1497 467 1564 500 quo
1579 459 1690 491 minus
1707 469 1822 501 aequa·

1110 504 1192 536 liter
1207 515 1243 536 se
1258 510 1295 538 et
1311 511 1511 539 constanter
1525 508 1661 550 habeat,
1676 509 1823 552 impedi·

1111 559 1179 587 tur.
1194 556 1372 590 Boeclem.
1395 557 1515 599 [Adde
1532 560 1624 601 quod
1639 560 1722 594 nihil
1733 561 1823 595 adeo

1109 605 1317 649 perfectum,
1338 609 1392 640 cui
1416 618 1485 641 non
1502 609 1629 652 aliquid
1645 611 1727 643 addi
1742 621 1821 654 pos-

1109 657 1182 699 sit.]

1153 709 1242 742 Cn.
1268 712 1322 743 18.
1366 710 1418 743 Aa
1437 711 1659 754 conditionem]
1683 713 1821 756 Lipsius

1109 764 1146 793 et
1161 761 1351 803 Schegkius
1367 763 1586 796 rescribunt:
1620 764 1749 801 Transit
1763 766 1820 798 ad·

1108 810 1235 843 miratio
1246 823 1267 844 a
1281 813 1458 846 conditione
1472 817 1647 855 temporum
1658 817 1690 847 et
1699 816 1742 848 ad
1751 815 1822 850 urb.

1107 864 1227 896 Boecl.

1156 915 1365 958 Uberinsque]
1396 918 1453 950 Ita
1481 918 1645 952 emendat
1668 919 1820 962 Lipsius.

1107 967 1219 1008 Vulgo
1233 967 1457 1014 operibusqae:
1480 978 1545 1010 per
1571 979 1679 1011 opera
1703 976 1821 1005 autem

1107 1023 1162 1050 res
1175 1022 1292 1059 gestas
1306 1018 1469 1061 iutelligit
1483 1019 1676 1054 Acidalius.

1150 1069 1308 1112 separata
1325 1071 1407 1112 sint]
1443 1071 1480 1103 Si
1509 1071 1647 1105 abesset
1675 1072 1820 1106 verbum
1854 1091 1859 1096 ·

1107 1121 1372 1161 substantivum,
1418 1123 1539 1155 melius
1579 1132 1819 1165 processuram

1106 1173 1314 1206 sententiam
1331 1173 1504 1206 Gruterus
1521 1174 1708 1208 existimat.
1735 1165 1820 1209 Boe·

1105 1224 1216 1256 clerus.
1733 1225 1739 1229 ’

1151 1276 1231 1312 Quoe
1244 1275 1346 1316 urbes,
1362 1280 1394 1309 et
1408 1277 1515 1309 rnultoe
1530 1276 1618 1319 alioe]
1640 1276 1721 1309 Tria
1742 1277 1819 1310 haec

1105 1330 1281 1368 postrema
1296 1327 1403 1359 verba
1428 1327 1472 1359 ab
1495 1328 1607 1360 aliena
1623 1337 1726 1360 manu
1741 1337 1819 1361 esse

1105 1378 1323 1420 arbitramur,
1350 1388 1459 1420 eoque
1485 1377 1693 1412 inducenda.
1726 1378 1818 1421 Dipo.

1107 1429 1187 1465 Quae
1201 1429 1304 1470 urbes,
1319 1433 1351 1462 et
1365 1432 1475 1462 mulla³
1490 1429 1578 1472 alioe]
1608 1431 1689 1463 Non
1702 1428 1819 1463 existi·

1076 1475 1263 1513 'mendum
1294 1486 1359 1523 est,
1396 1481 1456 1512 illa
1483 1481 1588 1513 verba
1620 1482 1676 1523 (et
1711 1482 1819 1514 multoe

1103 1530 1200 1571 aliae)
1236 1531 1338 1573 plane
1376 1531 1552 1573 irreptitia
1590 1541 1675 1564 esse.
1736 1532 1819 1565 Fuit

1102 1581 1193 1614 enim
1220 1582 1255 1613 in
1283 1582 1352 1614 Ms.
1375 1586 1406 1614 et
1430 1581 1639 1623 initaliffiex
1662 1592 1732 1625 quo
1747 1592 1818 1621 non

1102 1641 1202 1664 nemo
1223 1631 1324 1673 fecit,
1339 1636 1370 1664 et
1387 1633 1494 1670 multa
1508 1633 1593 1665 alioe.
1637 1625 1819 1668 Quae'eon-

1097 1682 1240 1723 jectura
1255 1683 1338 1716 licet
1353 1683 1481 1716 nemini
1497 1684 1609 1725 possit
1624 1694 1818 1728 usquequa-

1102 1743 1170 1776 que
1198 1734 1350 1781 probari,
1373 1739 1490 1766 tamen
1519 1744 1584 1767 nec
1609 1735 1669 1767 illa
1693 1745 1817 1778 parum

1103 1784 1318 1818 difficultatis
1340 1786 1375 1817 in
1401 1795 1504 1818 sensu
1528 1785 1658 1827 adfert,
1683 1787 1713 1819 si
1733 1788 1817 1820 reti·

1101 1846 1265 1869 neamus:
1289 1840 1320 1868 et
1344 1837 1377 1869 in
1392 1837 1512 1870 Italia.-
1537 1837 1604 1879 vel,
1629 1841 1659 1870 et
1682 1838 1716 1870 in
1739 1838 1817 1872 Ital.

1102 1887 1262 1920 Boecler.

1146 1939 1300 1980 Pindari]
1325 1940 1395 1974 Qui
1412 1945 1526 1981 tamen
1553 1939 1686 1975 ferreas
1708 1941 1818 1975 babet

1102 1991 1336 2032 metaphoras,
1350 1991 1443 2024 unde
1455 1991 1584 2027 Horat.
1599 1992 1715 2028 Carni.
1725 1993 1749 2027 l.
1761 2003 1815 2027 tv.

1103 2041 1171 2075 Od.
1187 2045 1220 2074 2.
1235 2042 1331 2075 illum
1347 2043 1589 2075 inimitabilem
1603 2052 1680 2076 esse
1701 2043 1814 2078 dixit:

1102 2093 1112 2110 ‘
1127 2093 1315 2125 Pindarum
1332 2094 1488 2137 quisquis
1503 2090 1624 2126 studet
1647 2094 1814 2137 aemulari,

1102 2145 1191 2186 Iule,
1221 2144 1350 2177 ceratis
1381 2154 1448 2186 ope
1481 2144 1648 2177 Daedalea
1679 2145 1816 2178 Nititur

1101 2195 1239 2237 pennis,
1250 2196 1359 2227 vitreo
1371 2195 1514 2227 daturus
1524 2195 1672 2227 Nomina
1684 2195 1814 2237 pontm'

1145 2247 1231 2278 Num
1245 2246 1400 2279 Alcmana
1415 2245 1567 2286 Lacones]
1597 2245 1666 2277 Alii
1687 2246 1814 2289 Lydum

1100 2297 1230 2330 fecere.
1275 2298 1386 2331 Quam
1411 2297 1506 2328 litem
1522 2296 1654 2328 dirimit
1669 2297 1722 2329 cl.
1738 2297 1814 2329 Sal·

1100 2350 1228 2383 masius
1243 2349 1368 2381 Exere.
1385 2347 1479 2380 Plin.
1505 2356 1536 2379 c.
1559 2349 1614 2379 40.
1640 2347 1812 2390 principio

1100 2400 1223 2441 partis,
1249 2410 1292 2432 ex
1310 2398 1421 2431 veteri
1441 2398 1703 2440 epigrammate,
1719 2398 1813 2440 quod

1099 2460 1157 2492 ap.
1170 2450 1394 2482 Plutarchum
1406 2447 1478 2490 περὶ
1487 2449 1591 2489 φυγῆς
1602 2453 1713 2490 extat,
1720 2448 1812 2482 unde

1100 2506 1199 2543 patet
1213 2502 1349 2543 Lydium
1365 2501 1508 2541 origine,
1521 2505 1683 2542 parentes
1695 2500 1812 2533 Sardi-

1103 2553 1164 2585 bus
1190 2553 1352 2585 oriundos
1376 2551 1547 2593 habuisse,
1570 2551 1704 2592 Spartae
1727 2551 1811 2584 edu-

1101 2609 1230 2646 catum,
1255 2613 1364 2646 eoque
1394 2603 1532 2635 nomine
1561 2602 1658 2645 &inem
1683 2601 1811 2644 &aaa

1099 2654 1255 2688 habitum
1268 2653 1386 2687 fuisse.
1413 2652 1592 2686 Boeaelem.
