2002 3250
299 272 359 316 84
738 280 781 312 c.
816 276 1022 310 venum}
1058 274 1344 308 emericum

298 382 384 425 mis
404 376 591 434 ingeniis
611 377 727 420 male
746 376 836 428 usi,
857 376 967 419 vitae
986 374 1235 429 mortisque
1255 372 1453 415 habuere
1472 368 1673 412 exitum:
1705 366 1786 423 qui

298 451 339 493 si
359 449 537 493 civilem
558 445 785 501 dignitatis
806 444 1128 499 concupissent
1147 441 1359 494 modum;
1386 437 1603 495 quicquid
1621 435 1786 479 tumul-

298 517 463 563 tuando
502 513 700 570 adipisci
735 514 989 568 gestierunt,
1024 511 1190 567 quietis
1231 509 1468 552 obtulisset
1498 501 1786 562 respublica.’²

299 586 425 629 Huic
444 584 670 627 atrocitati
690 581 921 637 adjectum
941 580 1088 623 scelus
1107 578 1324 621 unicum.⁰
1385 575 1569 631 Quippe
1586 573 1783 630 juveniS‚

299 655 450 711 specie
469 653 708 702 excellens,
727 650 923 693 necdum
943 648 1357 691 duodevicesimam
1383 649 1680 699 transgressus
1695 654 1785 684 <an-

297 737 418 774 num,
457 721 758 775 immunisque
799 718 1064 761 delictorum
1096 719 1401 773 patemorum‚
1443 712 1594 757 Fulvii
1627 710 1784 769 Flacci

297 791 434 843 filius,
467 803 600 846 quem
630 791 758 845 pater
795 787 991 840 legatum
1020 785 1075 828 de
1113 785 1472 827 conditionibusp
1500 782 1697 832 miserat,
1711 779 1784 822 'ab

300 859 485 915 Opimio
518 858 786 900 interemtus
823 856 907 896 est.
969 853 1121 906 Quem
1154 867 1256 896 cum
1295 853 1545 908 haruspexq
1583 849 1782 895 Tuscus,

298 930 486 979 amicus,
518 927 698 970 flentem
732 926 780 966 in
810 923 992 967 vincula
1030 922 1134 965 duci
1175 922 1377 973 vidisset,
1420 924 1433 943 ‘
1456 920 1580 973 Quin
1613 922 1664 962 tu
1694 919 1783 962 hoc

297 995 482 1052 potius‚'
502 995 660 1048 inquit,
691 992 833 1035 ‘facis
845 991 878 1034 'l’
907 991 1218 1047 protinusque,
1259 991 1389 1032 illiso·
1412 989 1561 1044 capite
1591 988 1638 1031 in
1676 1000 1784 1044 pos-

296 1070 448 1111 temur
468 1063 698 1119 lapideum
717 1062 871 1117 januae
901 1059 1117 1111 carceriS,
1154 1058 1385 1114 effusoque
1417 1058 1614 1109 cerebro,
1648 1056 1783 1112 expi-

294 1135 421 1177 ravit.
473 1132 782 1186 Crudelesque
799 1143 911 1172 mox
931 1129 1204 1184 quaestiones
1232 1129 1280 1170 in
1300 1128 1494 1170 amicos?
1508 1127 1783 1181 clientesque

296 1202 602 1246 Gracchorum
633 1199 803 1242 habitae
839 1201 956 1241 sunt.
1018 1197 1109 1240 Sed
1146 1197 1397 1253 Opimium,
1426 1196 1571 1239 virum
1608 1194 1783 1251 alioqui

296 1277 505 1315 sanctum
542 1273 587 1312 et
625 1281 818 1323 gravem,
862 1267 1133 1309 damnatum³
1175 1270 1336 1322 postea
1367 1265 1545 1322 judicio
1594 1264 1781 1321 publico

238 1366 241 1369 -
296 1340 378 1396 [U.
400 1354 438 1382 c.
457 1339 558 1382 644.
577 1352 616 1381 a.
643 1337 743 1380 Chr.
769 1351 813 1378 n.
842 1336 979 1389 109.],
1009 1337 1224 1378 memoria
1243 1333 1388 1391 ipsius
1419 1334 1624 1386 saevitiae,
1655 1334 1782 1376 nulla

296 1408 443 1451 civilis
483 1410 716 1463 persecuta
763 1409 837 1448 est
875 1404 1216 1447 misericordiast
1293 1403 1464 1446 Eadem
1505 1402 1781 1458 Rupilium¹²

295 1477 628 1532 Popiliumque,
650 1475 728 1530 qui
759 1473 1242 1529 consules.asperrime
1277 1472 1325 1514 in
1359 1472 1431 1514 Ti.
1453 1471 1649 1515 Gracchi
1670 1467 1782 1514 anii-

295 1558 377 1588 cos
409 1545 661 1594 saevierant,
685 1546 846 1599 postea
872 1542 1148 1598 judiciorum
1180 1541 1464 1596 publicorum
1505 1540 1665 1583 merito
1699 1554 1781 1596 op·-

293 1615 460 1669 pressit
477 1612 663 1655 invidia.
692 1610 769 1666 [U.
787 1624 826 1653 c.
846 1610 947 1654 622.
968 1623 1008 1654 a.
1029 1609 1131 1652 Chr.
1148 1623 1190 1652 n.
1208 1609 1327 1662 131]
1361 1609 1449 1652 Rei
1465 1613 1601 1652 tantae
1617 1621 1781 1664 pamm

295 1681 355 1724 ad
376 1681 581 1724 notitiam
599 1682 820 1737 pertinens
839 1680 1177 1735 interponatur!
1194 1684 1206 1703 ¹
1269 1678 1364 1721 Hic
1402 1681 1470 1721 est
1501 1677 1729 1733 Opimius,
1751 1691 1780 1721 a

335 1810 354 1825 π
378 1804 445 1841 Qui
459 1804 488 1837 εἰ
502 1804 611 1836 solum
630 1803 835 1836 ambivissent
859 1804 1048 1845 dignitates,
1063 1807 1215 1846 quantum
1237 1802 1352 1836 licebat
1367 1803 1401 1835 in
1416 1802 1493 1835 urbe
1515 1802 1639 1841 libera,
1650 1801 1779 1844 respub-

290 1847 529 1922 licaboblulisset
552 1848 616 1880 illis
630 1847 712 1880 nihil
723 1848 950 1890 laborantibus,
979 1849 1126 1890 quicquid
1147 1848 1268 1880 acriter
1288 1847 1453 1890 cupierunt
1469 1845 1615 1888 consequi
1628 1845 1779 1885 faciendo

294 1894 347 1923 tur
368 1901 412 1924 as.
600 1912 602 1914 -

335 1939 349 1955 ⁰
374 1934 412 1966 H
413 1934 463 1966 uic
473 1933 665 1966 immanitati
676 1934 806 1966 accessit
820 1935 938 1967 crimen
951 1935 1125 1976 singulare.

332 1983 354 2005 Ρ
376 1978 460 2009 Mox
470 1987 575 2010 severe
589 1977 774 2019 inquisitum
788 1981 835 2010 est
850 1979 884 2009 in
900 1979 1028 2018 amicos,
1042 1980 1095 2019 ἅμ’.

333 2026 349 2048 ⁹
373 2021 439 2053 Sed
455 2021 628 2062 Opimium,
651 2023 690 2052 de
703 2024 805 2053 cetero
816 2021 970 2054 hominem
990 2023 1120 2063 probum
1133 2024 1165 2053 et
1178 2031 1320 2062 gravem,
1338 2023 1446 2063 postea
1461 2022 1646 2053 damnatum
1653 2019 1778 2060 ,iudicio

269 2063 421 2111 „publicffi
432 2074 521 2096 nemo
531 2068 714 2105 prosecutus
724 2068 770 2096 est
782 2065 981 2096 miseratione
993 2069 1122 2107 propter
1135 2065 1382 2097 recordationem
1396 2065 1464 2104 eJus
1478 2063 1690 2097 crudelitatis.

298 2113 309 2121 ⁸
334 2112 350 2127 r
372 2107 544 2139 Tuntoe‘rei
559 2107 766 2140 interserelur
780 2108 846 2140 alia
859 2118 972 2150 parum
988 2108 1086 2149 digna
1095 2108 1285 2148 cognitione.

1072 2205 1152 2218 m&

289 2245 444 2302 ona—lo
467 2271 525 2310 Ita
549 2281 639 2304 corr.
668 2272 750 2305 Ald.
779 2273 869 2315 Nep.
917 2273 984 2306 Ed.
1011 2283 1062 2315 pr.
1094 2275 1133 2306 C.
1154 2274 1391 2306 Graecina—11
1416 2271 1474 2304 Ita
1500 2271 1583 2305 Ald.
1612 2272 1706 2314 Nep.
1730 2281 1776 2305 ex

288 2314 407 2346 Valer.
421 2314 516 2346 Max.
531 2323 584 2347 rx.
600 2318 653 2347 1⁶2.
668 2318 700 2348 6.
725 2316 927 2358 probantib.
943 2317 1160 2359 principibus
1176 2317 1387 2350 criticorum.
1433 2315 1499 2349 Ed.
1515 2326 1566 2358 pr.
1589 2315 1625 2347 in
1637 2318 1776 2358 pontem.

287 2359 375 2390 —12
398 2357 456 2389 Ita
472 2358 619 2391 Putean.
639 2364 676 2391 et
700 2358 782 2392 Aid.
800 2361 893 2402 Nep.
917 2360 982 2393 Ed.
1002 2370 1054 2402 pr.
1082 2361 1315 2394 Rutilium—1
1340 2360 1404 2392 Ed.
1420 2369 1475 2402 pr.
1500 2359 1776 2401 interponetur.—

959 2446 1102 2480 NOTAE

286 2526 365 2550 cem
377 2528 431 2551 me
447 2518 572 2561 dicam,
585 2531 661 2563 quae
675 2521 853 2555 Gracchos
864 2521 999 2563 peperi.
1100 2526 1113 2544 r
1136 2522 1177 2555 In
1191 2523 1328 2565 postem]
1364 2522 1425 2555 Sic
1449 2520 1638 2554 emendant
1661 2519 1775 2553 Aldus

284 2568 407 2602 Sonec.
424 2569 469 2603 de
485 2572 650 2604 consolat.
667 2572 711 2604 ad
729 2572 903 2605 Martiam.
1058 2577 1096 2605 et
1112 2574 1270 2615 Vossius,
1281 2583 1325 2606 ex
1337 2574 1478 2606 Valerio
1492 2573 1661 2612 Maximo,
1683 2572 1705 2606 Ι.
1722 2581 1775 2606 lx.

295 2649 303 2653 .
330 2624 347 2647 Ρ
384 2621 437 2653 De
465 2622 710 2665 conditionibus]
751 2623 843 2656 Pom·
866 2624 1002 2656 truilla-
1058 2633 1090 2657 c.
1106 2626 1159 2656 11.
1204 2624 1319 2666 Vulgo
1334 2624 1462 2666 legitur
1475 2624 1509 2656 in
1521 2627 1659 2666 pontem.

283 2670 602 2706 d'accommodement.
1101 2679 1114 2695 ⁸
1136 2675 1353 2717 Damnatum]
1383 2676 1537 2718 Propter
1561 2678 1728 2717 acceptas
1753 2683 1775 2706 a

332 2727 346 2748 ‘³
374 2723 560 2766 Haruspex]
589 2724 656 2758 Qui
684 2725 848 2768 Harugis,
875 2726 909 2758 id
934 2732 1001 2769 est,
1057 2725 1233 2768 Jugurtha
1255 2726 1441 2768 pecuniasz
1478 2730 1515 2758 at
1537 2724 1775 2767 indignissime

288 2773 408 2804 hostiis
457 2775 622 2816 inspectis
670 2776 790 2809 futura
826 2779 1001 2820 praedicit.
1055 2775 1270 2815 damnatum,
1294 2777 1321 2808 Sl
1337 2777 1540 2810 Ciceronem
1566 2775 1774 2809 ’Aldimusffi

291 2823 425 2856 Hostiae.
441 2826 490 2859 sic
505 2827 608 2859 dic'tae
627 2828 760 2860 suntab
775 2829 872 2872 hara,
889 2830 923 2863 in
937 2840 1002 2874 qna
1057 2830 1146 2860 orat·
1162 2837 1226 2870 pro
1245 2828 1343 2861 Sext·
1643 2839 1646 2843 '

286 2874 510 2908 includuntur
526 2882 562 2910 et
578 2884 773 2912 servantur.
808 2916 812 2917 ⁷
848 2914 850 2916 ,
