2008 3210
347 245 434 288 308

348 352 466 385 docuit
493 361 546 383 me
577 352 665 384 Cato
701 351 795 394 apud
829 350 987 384 Servium
1016 349 1061 383 ad

348 403 484 436 AEneid.
500 413 535 436 v.
551 403 560 420 ‘
579 402 772 436 Condituri'
785 401 929 444 (inquit)
952 402 963 420 ‘
979 401 1062 434 civi-

347 459 454 495 tates,
478 458 616 486 taurum
643 454 677 486 in
703 453 840 493 dextra,
860 462 998 485 vaccam
1025 453 1062 484 in

347 506 487 538 sinistra
511 506 728 547 jungebant:
779 510 815 536 et
856 504 964 537 cincti
992 504 1062 536 ritu

348 557 500 597 Gabino,
521 557 555 589 id
584 566 650 597 est,
674 561 756 598 toga
779 560 915 597 partem
936 554 1062 597 capitis

347 608 468 648 velati,
496 613 631 650 partem
666 607 849 648 succincti,
893 606 1062 639 tenebant

348 659 472 691 stivam
490 659 677 701 obliquam,
699 664 738 691 ut
754 658 864 700 glebae
881 667 999 690 omnes
1010 657 1061 690 in-

346 711 517 747 trinsecus
543 710 733 752 caderent:
762 713 827 743 διο.
880 711 937 743 lta
965 711 1060 743 locus

345 762 401 794 hic
429 761 634 794 scribendus
661 767 727 795 est.
782 762 914 794 Eodem
939 761 1061 794 habitu

347 813 450 845 etiam
467 812 607 845 indutus
621 813 712 855 apud
725 813 913 855 Corippum
927 813 985 845 lib.
998 822 1062 854 1v.,

345 864 518 905 Justinus,
533 873 610 896 cum
631 864 675 896 de
697 864 924 896 Senatoribus
948 863 1061 896 ditan-

345 911 399 948 dis
425 916 586 957 agitaret.
631 915 750 948 Verba
772 915 844 957 ejus
867 915 918 947 ita
932 915 1060 948 cousti-

346 966 478 998 tuenda
491 971 592 999 suut:
615 967 626 985 ⁴
643 967 841 1008 Purpureos
857 975 986 1007 augens
1002 966 1060 998 ha-

344 1017 453 1058 bitus,
471 1017 624 1059 ritusque
643 1017 818 1050 Gabinos:
855 1017 959 1059 Cujus
984 1017 1060 1058 Hy-

344 1068 495 1110 daspaeis
523 1068 685 1101 radiabat
714 1079 868 1111 purpura
893 1068 1059 1111 gemmis?

346 1119 613 1161 Corruptissime
640 1119 772 1152 editum
789 1124 864 1152 est:
903 1119 1001 1160 Cujus
1024 1120 1060 1152 id

344 1169 498 1212 aspiciens
511 1169 659 1202 radiabat
671 1180 812 1212 purpura
822 1171 966 1211 gemmis.
995 1171 1059 1203 Er-

345 1230 404 1252 ror
416 1230 459 1252 ex
472 1230 524 1262 eo,
534 1220 614 1263 quia
626 1221 780 1263 Idaspaeis
790 1222 958 1264 seriptum
970 1226 1058 1255 erat.

350 1270 488 1305 Vossius.
536 1272 758 1314 circumdata]
783 1273 962 1305 Communi
979 1283 1058 1306 con-

345 1332 450 1354 sensu
465 1323 647 1355 doctorum
671 1323 781 1356 valuit
809 1324 882 1357 liaec
898 1323 1058 1356 emenda-

344 1373 407 1413 tio,
422 1383 500 1405 cum
517 1373 652 1415 fuisset,
665 1385 737 1406 cnm
764 1376 850 1408 data.
895 1375 1058 1408 Caussam

342 1423 444 1466 hujus
473 1424 612 1457 habitus
641 1425 757 1458 reddit
783 1425 955 1467 triplicem
986 1425 1058 1467 Ap-

343 1475 438 1517 pian.
454 1476 544 1508 Bell.
561 1476 636 1509 Civ.
650 1485 676 1510 1.
692 1476 764 1509 sive
779 1478 789 1495 ‘
805 1477 896 1520 quod
910 1477 1060 1511 voluerit

342 1520 597 1559 multitudinem
613 1527 656 1559 ad
671 1537 708 1560 se
725 1527 789 1561 hoc
809 1528 906 1569 signo
922 1533 1056 1560 coutra-

342 1576 459 1617 here3'
499 1577 572 1609 sive
601 1578 611 1596 ‘
631 1588 755 1620 pugnae
799 1588 861 1610 seu
891 1583 1057 1611 tesseram

343 1626 527 1670 proferre,’
553 1629 626 1661 sive
653 1631 663 1647 ‘
681 1630 877 1662 reverentia
900 1629 1057 1662 Deorum

344 1690 405 1712 sua
422 1684 541 1723 coepta
557 1682 653 1714 velut
670 1681 864 1723 obtegere!
889 1682 1058 1716 Quartam

342 1742 387 1763 ex
417 1732 603 1765 Plutarcho
629 1733 793 1775 colligas:
828 1738 867 1766 ut
895 1734 905 1751 ‘
922 1733 1058 1766 facilius

343 1792 408 1826 per
421 1783 539 1815 obvios
563 1789 808 1826 perrumperet
832 1786 896 1818 hoc
910 1784 1058 1826 habitu,’

341 1845 410 1878 quo
427 1839 463 1868 et
480 1835 587 1868 ceteri
602 1845 681 1868 eum
707 1830 949 1879 sequebantur.
974 1836 1057 1868 Boe-

343 1886 457 1918 clerus.

388 1937 453 1979 Qui
477 1938 596 1969 saluam
619 1937 732 1970 vellent
759 1938 889 1981 Remp.]
913 1939 971 1971 De
986 1937 1056 1971 sor-

341 1988 434 2031 mula
460 1988 526 2031 hac
549 1988 627 2021 vide
653 1989 811 2022 Servium
846 1990 890 2021 ad
918 1990 1054 2022 initium

340 2037 505 2070 AEneidos
536 2048 620 2072 vm.
664 2039 802 2072 Vossius.
850 2040 917 2090 Quasi
938 2042 1056 2074 salvam

339 2089 454 2121 vellent
477 2089 615 2131 .Remp.]
652 2089 758 2122 Haud
782 2089 885 2123 dubie
915 2091 1057 2133 respici·

341 2144 400 2173 tur
416 2140 467 2184 liis
483 2141 600 2174 verbis
629 2142 673 2174 ad
688 2152 818 2175 morem
841 2148 876 2176 et
900 2144 1056 2176 solennia

340 2192 351 2210 ‘
369 2192 579 2225 decernendi
605 2193 841 2234 praesentioris
867 2194 901 2226 in
925 2194 1054 2227 ultimis

340 2243 477 2275 casibus
505 2243 652 2284 auxilii,’
682 2244 841 2276 nimirum
871 2248 880 2263 ‘
900 2254 942 2277 ne
971 2245 1055 2287 quid

340 2302 432 2336 resp.
445 2293 645 2326 detrimenti
661 2294 825 2337 caperet.'
871 2295 982 2329 Quale
999 2295 1056 2329 de-

338 2349 475 2377 cretum
492 2355 512 2377 a
527 2345 654 2378 ceteris
674 2345 890 2379 senatoribus
905 2347 1056 2389 postula-

340 2400 414 2428 tum
431 2405 520 2436 esse,
544 2395 675 2429 diserte
697 2401 848 2430 testatur
871 2397 1054 2430 Valerius:

339 2446 474 2479 cunctis
490 2448 726 2485 censentibus,
740 2448 750 2466 ‘
762 2453 798 2479 ut
811 2448 938 2480 Consul
949 2449 1054 2480 armis

338 2506 448 2540 remp.
467 2497 634 2530 tueretur'
658 2498 796 2540 (eadem
820 2498 912 2530 enim
934 2499 983 2530 vis
997 2503 1053 2532 est

338 2548 440 2590 hujus
457 2549 654 2589 sententim,
669 2558 710 2582 ac
735 2549 765 2581 si
792 2548 949 2590 dixisset,
966 2551 1051 2582 vide-

336 2602 386 2631 ret
402 2600 520 2642 consid,
534 2610 574 2632 ne
599 2600 675 2642 quid
696 2609 776 2642 resp.
804 2599 986 2632 detrimenti
999 2610 1051 2633 ca-

336 2654 438 2694 peret.
485 2650 612 2684 Confer
641 2651 783 2684 Sallust.
816 2650 919 2683 Catil.
944 2659 1050 2685 xxix,

339 2701 467 2745 Caesar.
480 2702 568 2734 Bell.
581 2701 657 2734 Civ.
668 2710 694 2734 1.
706 2701 820 2734 Cicer.
834 2701 936 2734 Orat.
948 2701 1050 2734 Catil.

338 2759 364 2782 1.
382 2760 412 2782 e.
428 2754 459 2783 1.
476 2756 513 2783 et
528 2754 561 2784 2.
579 2751 684 2784 Dion.
704 2753 757 2784 48,
781 2752 791 2770 ‘
804 2751 944 2794 negavit
963 2751 1051 2784 Scae-

337 2792 415 2832 {tola
432 2811 468 2833 se
496 2802 683 2846 quidquam
711 2802 743 2836 vi
769 2813 843 2836 esse
870 2802 1051 2836 acturum:

338 2850 483 2889 Boecler.

658 255 801 286 NOTAE
834 253 1103 286 VARIORUM
1133 254 1190 296 ,ΙΝ
1226 253 1511 287 PATERCULI

1157 350 1237 382 Cum
1251 349 1386 382 catervis
1398 349 1480 391 suis]
1512 349 1523 367 ‘
1539 349 1628 383 Nam
1646 349 1822 383 Gracchus

1113 400 1214 433 domo
1230 410 1308 433 cum
1334 399 1626 441 proficisceretur,
1648 409 1823 443 nunquam

1112 452 1223 484 minus
1244 456 1343 486 terna
1368 458 1428 486 aut
1449 457 1618 495 quaterna
1641 452 1749 485 millia
1762 451 1823 483 ho-

1112 503 1240 536 minum
1269 503 1524 546 sequebantur?
1567 503 1697 536 Asellio
1731 501 1824 544 apud

1114 553 1291 596 Agellium
1306 555 1367 588 lib.
1380 565 1421 588 ιι.
1439 566 1471 588 c.
1489 558 1541 588 13.
1565 555 1703 594 Schegk.

1158 606 1412 648 Conditionibus]
1447 606 1674 638 Pactionibus
1690 609 1727 638 et
1742 615 1823 638 cou-

1111 657 1344 691 ventionibus.
1390 662 1399 676 ‘
1416 657 1673 690 Conditionem’
1698 656 1824 690 definit

1111 707 1271 741 Donatus
1285 708 1320 740 in
1335 707 1480 750 Andria,
1501 709 1511 726 ‘
1529 718 1603 740 esse
1626 707 1823 750 pactionem

1110 758 1146 790 in
1176 769 1213 791 se
1243 764 1375 792 certam
1407 761 1519 802 legem
1561 759 1823 792 continentem!

1111 808 1193 841 Non
1204 814 1320 842 tamen
1329 809 1504 843 dissimulo
1513 810 1719 851 scripturam
1729 810 1824 843 'Bon-

1109 859 1201 892 hom.
1215 861 1472 894 condictionibus.
1509 861 1624 894 Etiam
1639 871 1706 894 non
1721 862 1823 895 male.

1111 910 1304 944 Condicere
1312 912 1403 944 enim
1417 913 1593 946 veteribus
1602 913 1823 946 denunciare.

1112 960 1207 993 Hinc
1224 962 1342 1003 Festo,
1358 963 1368 980 ‘
1387 963 1570 996 Condictio
1587 963 1620 995 in
1637 962 1729 996 diem
1747 973 1822 997 cer-

1110 1016 1182 1045 tam
1197 1013 1273 1055 ejus
1287 1014 1338 1046 rei
1353 1013 1397 1046 de
1413 1024 1483 1056 qua
1505 1014 1619 1056 agitur
1639 1013 1822 1047 denuntia-

1110 1063 1192 1103 tio;’
1216 1069 1253 1097 et
1267 1064 1467 1097 Duodecim
1493 1065 1633 1106 tabuiis,
1658 1065 1823 1098 ‘condic-

1109 1118 1165 1147 tus
1191 1113 1277 1156 dies,
1295 1114 1422 1157 judicii
1445 1125 1568 1148 caussa
1589 1114 1826 1149 constitutus?

1110 1165 1175 1197 Usi
1207 1166 1351 1199 Plautus
1394 1167 1615 1209 Curculione,
1641 1166 1825 1211 Apuleius,

1111 1216 1185 1248 Cic.
1202 1216 1307 1250 Offic.
1323 1226 1350 1249 ι.
1375 1218 1481 1249 Idem.

1155 1267 1229 1300 Non
1255 1268 1432 1301 consistunt
1456 1265 1613 1310 exempla]
1658 1269 1822 1302 Pertinet

1108 1317 1174 1349 liuc
1187 1318 1331 1351 eximius
1342 1319 1436 1351 locus
1449 1329 1493 1352 ex
1504 1319 1662 1353 oratione
1674 1320 1822 1353 Caesaris

1110 1369 1202 1410 apud
1215 1369 1359 1402 Sallust.
1375 1370 1479 1404 Catil.
1501 1374 1555 1403 51.
1578 1371 1715 1404 ‘omnia
1731 1372 1821 1405 uiti-la
1873 1386 1876 1387 ⁷

1110 1421 1271 1463 exempla
1286 1431 1330 1454 ex
1353 1421 1451 1454 bonis
1472 1422 1598 1455 initiis'
1623 1428 1703 1455 orta
1716 1427 1819 1456 sunt:

1108 1471 1119 1490 ‘
1137 1472 1198 1504 sed
1226 1472 1285 1505 ubi
1309 1473 1490 1516 imperium
1527 1473 1570 1506 ad
1597 1474 1734 1516 ignaros
1759 1479 1820 1507 aut

1108 1523 1219 1556 minus
1249 1524 1356 1557 bonos
1382 1525 1554 1566 pervenit,
1579 1534 1705 1558 novum
1734 1525 1820 1558 illud

1109 1575 1305 1617 exemplum
1320 1575 1363 1608 ab
1384 1576 1495 1618 dignis
1511 1582 1546 1609 et
1563 1577 1696 1610 idoneis
1711 1578 1754 1611 ad
1771 1578 1821 1610 in-

1109 1624 1233 1667 dignos
1258 1631 1295 1659 et
1324 1637 1392 1659 non
1420 1627 1562 1660 idoneos
1584 1627 1820 1661 transtertur!

1108 1677 1198 1709 Vide
1215 1678 1352 1710 omnino
1369 1688 1444 1720 quae
1465 1683 1669 1722 sequuntur,
1683 1680 1746 1713 ubi
1760 1690 1820 1713 ex-

1109 1728 1231 1770 emplis
1249 1728 1413 1771 illustrat,
1446 1731 1457 1749 ‘
1475 1731 1637 1772 exempla
1651 1741 1719 1764 non
1739 1741 1822 1764 con-

1107 1779 1229 1812 sistere
1245 1779 1308 1820 ibi,
1322 1780 1414 1812 unde
1437 1781 1608 1822 coepere;’
1637 1782 1728 1816 sicut
1746 1783 1820 1815 No-

1107 1833 1180 1861 ster
1195 1830 1360 1873 loquitur.
1389 1831 1535 1866 Boecler.

1150 1879 1239 1913 CAP.
1247 1882 1279 1914 4.
1289 1880 1506 1925 Aristonicus]
1516 1883 1594 1916 Non
1597 1883 1695 1925 justo
1706 1885 1821 1917 matri-

1105 1931 1233 1971 monio,
1248 1932 1310 1964 sed
1326 1941 1369 1964 ex
1393 1933 1518 1975 pellice
1534 1934 1686 1976 Ephesia
1701 1936 1820 1969 Citha-

1106 1982 1201 2014 ristae
1214 1983 1393 2025 cujusdam
1404 1983 1472 2016 filia
1484 1985 1631 2026 genitus.
1653 1986 1782 2019 Justin.
1794 1988 1820 2020 l.

1106 2043 1240 2069 xxxvr.
1265 2036 1400 2078 Florus,
1413 2037 1544 2078 Livius,
1559 2041 1597 2070 et
1615 2038 1741 2072 Strabo
1757 2039 1817 2073 lib.

1106 2096 1186 2120 xiv.
1210 2088 1344 2129 Schegk.
1380 2089 1594 2133 Aristonicus]
1602 2090 1698 2124 Flor.
1713 2100 1754 2124 11.
1763 2094 1817 2125 20.

1106 2142 1139 2171 4.
1163 2140 1173 2158 ⁴
1191 2140 1278 2181 regii
1299 2140 1472 2182 sanguinis
1490 2141 1677 2182 juvenem’
1699 2146 1816 2175 vocat.

1107 2190 1209 2224 Quod
1233 2190 1276 2223 de
1298 2191 1308 2209 ‘
1326 2191 1458 2232 origiue
1475 2195 1577 2224 extra
1602 2192 1816 2234 conjugium,

1107 2241 1262 2285 adeoque
1285 2242 1330 2274 de
1355 2241 1427 2274 filio
1450 2242 1624 2275 naturali'
1652 2243 1816 2276 Eumenis

1106 2292 1345 2334 accipiendum
1371 2296 1436 2334 est,
1461 2303 1539 2325 nam
1568 2293 1722 2326 Velleius
1742 2295 1753 2312 ‘
1769 2294 1814 2327 de

1104 2344 1261 2385 legitima
1276 2347 1313 2376 et
1327 2344 1418 2376 civili
1431 2344 1564 2376 ratione
1577 2344 1695 2386 stirpis
1705 2344 1715 2358 '
1738 2354 1815 2378 sen-

1104 2397 1207 2439 tiens,
1219 2398 1346 2430 merito
1363 2398 1372 2416 ‘
1386 2397 1594 2439 mentitum,'
1618 2399 1682 2439 ait,
1703 2398 1714 2416 ‘
1727 2399 1816 2441 regi-

1104 2457 1158 2479 am
1174 2447 1392 2490 stirpem,’ut
1409 2448 1558 2490 Asiam,‘
1574 2449 1679 2482 veluti
1697 2454 1816 2492 pater-

1101 2507 1184 2530 num
1196 2508 1336 2540 reguum
1349 2498 1358 2513 ’
1375 2498 1558 2532 invaderet
1570 2503 1672 2532 natus
1685 2510 1729 2532 ex
1743 2501 1814 2542 pel-

1100 2548 1180 2581 lice.
1196 2548 1286 2580 Vide
1299 2549 1567 2582 Justin.xxxv1.
1578 2552 1611 2582 4.
1621 2552 1654 2582 6.
1668 2551 1814 2583 Boeoler.

1145 2598 1353 2642 Hereditate]
1383 2600 1555 2632 Romanos
1578 2600 1651 2632 doli
1674 2601 1754 2633 mali
1777 2601 1814 2633 in

1101 2649 1261 2681 adeunda
1284 2649 1478 2682 hereditate
1499 2650 1612 2683 Attali
1635 2650 1812 2684 insimulat

1100 2699 1324 2733 Mithridates
1339 2701 1431 2743 apud
1452 2701 1663 2742 Sallustium,
1683 2707 1722 2734 et
1739 2703 1813 2735 Ho-

1101 2751 1210 2783 ratius
1224 2752 1338 2784 Carm.
1352 2760 1393 2784 11.
1421 2751 1500 2784 Oda
1517 2755 1568 2785 18.
1591 2753 1602 2770 ‘
1620 2761 1730 2795 neque
1746 2752 1812 2785 At-

1101 2803 1161 2834 tali
1185 2802 1329 2844 Ignotus
1344 2803 1443 2834 heres
1469 2803 1599 2845 regiam
1622 2805 1812 2846 occupavi:

1100 2853 1235 2894 Schegk.
1283 2853 1488 2895 Hereditate]
1519 2854 1640 2896 Itaque
1664 2855 1808 2888 Romani
