2002 3250
516 220 770 253 nrsromAE
802 220 1039 254 ROMANAE
1063 221 1159 254 mn.
1192 221 1248 254 11.
1281 212 1354 254 54.
1595 211 1681 254 151

193 332 260 370 ro,
282 326 417 375 quam
428 317 602 375 juveni,
623 317 822 374 propiorf.
830 315 1049 374 regnabat
1073 316 1383 369 Alexandriae,
1407 318 1681 362 contulerat.

194 386 289 432 Sed
318 386 421 443 quis
448 387 495 429 in
529 385 734 430 adversis
767 387 1086 431 beneficiorum
1105 389 1254 431 servat
1273 386 1535 429 memoriam
1549 387 1569 428 'l
1602 390 1682 430 aut

194 455 296 512 quis
318 455 453 498 ullam
472 453 751 498 calamitosis
772 455 927 498 deberi
959 459 1093 512 putat
1124 455 1344 511 gratiam?
1377 459 1460 498 aut
1493 455 1679 511 quando

193 524 377 568 fortuna.
386 536 474 566 non
491 526 635 567 mutat
654 524 821 567 fidem?
853 524 991 568 Missi
1011 525 1166 581 itaque
1182 525 1245 568 'ab
1264 537 1381 580 rege,
1403 525 1482 580 qui
1504 524 1683 567 venien-

192 595 282 639 tem-
301 591 381 635 Cn.
401 591 672 647 Pompeium
701 592 770 645 (is
779 592 880 648 jam
899 606 927 636 a
943 592 1201 649 Mytilenis&
1220 592 1475 636 Corneliam
1489 606 1682 636 uxorem

189 665 414 716 receptam
433 660 479 703 in
497 673 677 712 navem,
697 661 817 716 fugae
837 661 1044 707 comitem
1057 661 1222 704 habere
1242 660 1469 718 coeperat)
1489 662 1682 708 consilio

190 727 416 772 Theodoti
427 732 472 772 et
491 727 704 773 Achilli†²
727 729 1007 787 exciperent,
1023 729 1412 786 hortarenturque,
1426 734 1480 774 ut
1499 744 1560 774 ex
1575 738 1682 774 one-

189 797 372 841 raria-in
392 811 491 841 eam
518 811 693 852 navem,
714 812 816 855 quae
849 800 1032 843 obviam
1050 803 1365 856 processerat,
1392 799 1681 843 transcende-

188 870 265 909 ret.
328 865 464 918 Quod
483 880 587 912 cum
605 867 802 919 fecisset,
824 868 1040 924 princeps
1070 867 1269 911 Romani
1288 868 1526 920 nominiS,’¹·
1540 869 1680 925 impe-

189 934 266 978 rio,
295 935 567 991 arbitrioque
593 936 799 992 AEgyptii
832 935 1067 992 mancipii,
1101 935 1156 979 G.
1178 935 1377 989 Caesare,
1411 935 1465 979 P.
1487 936 1680 980 Servilio

190 1003 470 1056 consulibus,
504 1003 585 1060 [U.
604 1019 646 1049 c.
667 1005 769 1048 706.
797 1019 837 1048 a.
866 1005 970 1048 Chr.
994 1018 1037 1049 n.
1057 1004 1150 1059 47.]
1173 1003 1413 1061 jugulatus
1440 1008 1522 1049 est.
1583 1004 1680 1049 Hic

188 1075 297 1126 post
315 1075 404 1115 tres
425 1074 685 1118 consulatus
706 1078 753 1123 et
770 1075 953 1118 totidem
972 1073 1238 1131 triumphos,
1260 1074 1572 1130 domitumque
1591 1078 1679 1118 ter-

187 1153 333 1184 rarum
372 1143 540 1195 orbem,
582 1144 858 1193 sanctissimi
898 1158 955 1188 ac
1000 1142 1363 1200 praestantissimi
1403 1142 1510 1195 viri,
1536 1143 1590 1185 ⁴in
1629 1143 1679 1186 id

189 1209 352 1262 evecti,
373 1224 512 1267 super
541 1212 666 1267 quod
694 1211 883 1255 ascendi
902 1226 992 1255 non
1010 1214 1176 1268 potest,
1196 1210 1680 1266 duodesexagesimum

188 1290 356 1322 annum
375 1281 563 1335 agentis,
581 1280 724 1336 pridie
744 1281 942 1324 natalem
972 1281 1139 1337 ipsius,
1163 1280 1273 1324 vitae
1307 1279 1391 1323 fuit
1420 1279 1598 1324 exitus:
1629 1282 1678 1324 in

187 1350 363 1396 tantum
388 1348 436 1391 in
468 1349 551 1393 illo
570 1350 669 1394 viro
689 1363 717 1392 a
737 1363 786 1392 se
804 1349 1088 1393 discordante
1118 1349 1312 1401 fortuna,
1331 1351 1397 1401 ut,
1433 1349 1508 1392 cui
1540 1350 1676 1393 modo

187 1415 248 1458 ad
265 1417 499 1461 victoriam
517 1421 632 1461 terra
650 1417 867 1471 defuerat,
895 1417 1077 1462 deesset
1105 1417 1164 1460 ad
1198 1418 1489 1474 sepulturam.
1552 1417 1679 1471 Quid

186 1484 307 1527 aliud
324 1499 458 1542 quam
475 1487 660 1530 nimium
674 1490 926 1543 occupatos
941 1486 1150 1539 dixerim,
1169 1498 1285 1542 quos
1303 1486 1352 1529 in
1371 1488 1530 1529 aetate*
1548 1487 1677 1539 tanti,

187 1557 233 1596 et
255 1566 388 1609 paene
421 1555 564 1598 nostri
595 1554 752 1598 saeculi
780 1555 867 1598 viri
887 1554 1049 1598 fefellit
1078 1555 1426 1612 quinquennium
1442 1555 1483 1597 ‘l‘
1512 1569 1615 1599 cum
1647 1569 1677 1599 a

187 1616 242 1661 C.
269 1617 414 1664 Atilio
434 1626 479 1665 et
509 1621 568 1675 Q.
588 1622 779 1666 Servilio
801 1623 1078 1676 consulibus,
1093 1627 1187 1666 tam
1204 1623 1372 1667 facilis⁵
1394 1628 1517 1668 esset
1537 1637 1676 1667 anno-

183 1699 282 1730 rum
322 1682 546 1745 digestio?
618 1689 758 1743 Quod
797 1691 965 1747 adjeci,
992 1705 1088 1735 non
1127 1696 1176 1737 ut
1199 1687 1458 1748 arguerem,
1500 1694 1582 1737 sed
1617 1707 1675 1737 ne

183 1768 405 1821 arguerer.

209 1855 215 1862 -
244 1827 315 1869 54.
348 1827 454 1871 Non
482 1827 586 1871 fuit⁶
618 1830 762 1887 major
787 1831 838 1874 in
873 1830 1123 1884 Gaesarem,
1154 1844 1294 1888 quam
1328 1832 1374 1875 in
1406 1831 1674 1889 Pompeium

230 1941 247 1956 ¹·
270 1935 404 1970 Primus
417 1936 570 1969 Romane
581 1938 702 1978 geneis.

229 1984 243 2000 ⁰
269 1980 350 2012 cum
364 1979 547 2020 lamsacilis
558 1984 640 2014 emt
653 1981 812 2015 ordinatio
825 1993 980 2016 annorum
989 1992 1011 2017 οι
1023 1983 1189 2018 cml-naam
1201 1983 1240 2017 C.
1253 1983 1354 2018 Atilii
1365 1987 1399 2017 et
1413 1984 1454 2022 Q.
1469 1983 1617 2018 Servilii.

795 2104 797 2107 ·
806 2100 846 2113 0ae
849 2099 927 2112 0000
930 2099 1050 2114 0000„

187 2179 274 2214 eod.
289 2152 514 2221 ,excubae-³
529 2155 597 2212 'tta
620 2179 689 2213 Ed.
705 2179 814 2213 Basa.
838 2179 906 2214 Ed.
922 2190 976 2223 pr.
1000 2185 1131 2224 «μη-ψ
1155 2179 1215 2214 na
1238 2179 1328 2214 cod.
1351 2179 1420 2214 Ed.
1446 2189 1501 2224 pr.
1525 2172 1673 2223 Αᾷιᾱιιω.

185 2226 250 2256 -4
273 2221 331 2255 Ita
356 2223 514 2257 Rhenan.
536 2222 602 2256 Ed.
620 2233 674 2266 pr.
700 2226 907 2257 ‹etatem—5
931 2224 1029 2258 Felix
1052 2224 1118 2258 Ed.
1146 2227 1269 2268 [πμ-6
1291 2224 1349 2258 Ita
1372 2223 1440 2257 Ed.
1465 2233 1520 2267 pr.
1545 2228 1583 2257 et
1606 2223 1672 2256 Ed.

187 2266 294 2300 Basil.
330 2266 397 2300 Ed.
426 2266 510 2300 ΑΜ.
545 2267 657 2311 Lugd.
687 2267 771 2301 But.
801 2271 834 2301 2.
859 2267 1045 2312 'aliaequez
1084 2269 1161 2302 Nem
1180 2267 1252 2310 fuit
1281 2271 1388 2301 tamen
1417 2277 1438 2301 e
1466 2267 1674 2311 conjectura

834 2362 836 2365 ’
852 2358 997 2392 NOTAE

183 2437 283 2480 peius
297 2437 526 2472 Ptolemaenm
540 2437 694 2474 Auleten
707 2439 742 2473 in
758 2449 901 2483 regnum
1000 2445 1016 2469 1
1038 2439 1226 2484 Mytilenis]
1248 2438 1343 2473 Urbs
1357 2442 1414 2473 est
1428 2437 1535 2472 Lesbi
1551 2437 1672 2471 insulae

183 2489 394 2523 restituerat.
446 2490 518 2524 Hic
543 2490 770 2535 Ptolemaeus,
798 2496 902 2535 pater
955 2491 1143 2534 primaria:
1167 2502 1188 2524 a
1202 2501 1271 2535 qun
1283 2495 1360 2525 tota
1369 2491 1481 2524 insula
1495 2488 1598 2524 hodie
1614 2499 1674 2522 no-

185 2540 397 2584 cleopatrae,
434 2539 502 2575 fuit
535 2542 617 2576 vitoe
657 2542 745 2576 adeo
774 2542 900 2586 mollis,
952 2552 1034 2577 men
1042 2542 1195 2586 accepit,
1210 2542 1329 2585 vulgo,
1344 2541 1491 2575 Metella.

182 2595 224 2626 ut
238 2592 344 2625 etiam
359 2592 556 2627 choraulam
579 2596 782 2627 exerceret:
806 2592 898 2627 unde
996 2600 1010 2618 ¹
1034 2595 1190 2628 Theodoti
1212 2597 1245 2627 et
1269 2592 1407 2635 Achilli]
1429 2592 1503 2626 Alii
1518 2592 1672 2626 Achiua.

182 2652 308 2676 nomeu
323 2642 464 2677 Auletae
480 2647 605 2678 nactus
619 2648 687 2678 est.
715 2643 774 2678 Ab
788 2643 896 2678 Alex-
949 2644 1147 2680 Theodotus
1155 2645 1349 2678 Ptolemaeo
1360 2648 1565 2687 praeceptor
1577 2647 1669 2677 erat:

183 2693 337 2728 andrinis
358 2703 467 2738 regno
482 2695 615 2738 pulsus,
628 2694 673 2728 ad
688 2694 897 2739 Pompeium
949 2697 1106 2732 Achillas
1122 2700 1240 2730 autem
1254 2695 1389 2728 militiae
1403 2693 1607 2737 praefectus.

184 2745 360 2791 confugitz
383 2757 416 2781 a,
429 2758 499 2791 quo
523 2748 660 2781 senatui
679 2748 898 2782 commenda·
996 2753 1012 2771 ⁸
1035 2747 1166 2790 Fqsellit
1188 2746 1450 2790 quinquennium]
1488 2745 1596 2780 Hunc
1615 2756 1671 2781 er·

186 2802 256 2840 tus,
278 2809 300 2832 a
325 2797 478 2838 Gabinio
502 2799 538 2833 in
563 2808 708 2843 reguum
730 2798 897 2834 reduetus
951 2808 1067 2833 rorem
1089 2797 1300 2831 Plutarchus
1325 2801 1363 2831 et
1377 2795 1561 2840 Appianas
1576 2807 1670 2838 erra-

186 2853 253 2883 est.
952 2854 1092 2893 verunt,
1109 2853 1149 2884 ut
1163 2849 1270 2884 docet
1283 2848 1446 2894 Sigonius
1464 2847 1500 2883 in
1512 2849 1640 2885 Fastis.
