2008 3210
358 209 446 254 464

360 324 481 349 omnes
508 316 639 349 eruditi
664 326 684 349 e
709 318 911 360 conjectura
935 318 1078 352 edidere

352 367 412 408 jus
441 367 578 410 dicebat,
604 378 668 411 pro
696 379 729 401 se
758 370 936 402 direxerat.
989 370 1077 402 Vos-

365 428 447 451 sius.

408 470 505 502 Ultra
520 470 702 512 barbarum]
736 471 874 514 Lipsius
888 473 1077 516 praeposita

360 522 486 554 vocula
501 522 590 564 legit
604 526 634 554 et
650 524 735 554 ultra
750 523 838 556 barb.

403 572 588 614 Arminius]
603 574 732 606 Verum
748 574 945 607 Germaniae
959 575 1076 615 decus,

360 623 503 659 Tacitus
519 623 716 657 Annal.lib.
733 634 774 657 11.
787 626 797 643 ‘
815 625 987 658 Arminius
1002 626 1076 658 abs-

361 673 568 706 cedentibus
590 675 767 715 Romanis,
784 680 821 708 et
847 677 947 718 pulso
963 677 1076 709 Maro-

361 723 489 764 boduo,
504 734 648 767 regnum
669 725 862 766 adfectans,
877 727 1076 760 libertatem

359 775 576 816 popularium
593 776 772 810 adversam
786 777 917 815 habuit,
930 778 1077 819 petitus-

360 835 428 869 que
443 827 545 860 armis
559 837 638 860 cum
649 828 746 861 varia
757 828 896 861 fortuna
911 832 1077 870 certaret,

361 877 441 909 dolo
459 878 729 920 propinquorum
753 878 894 919 cecidit,
910 879 1076 912 liberator

359 927 452 961 haud
481 929 586 961 dubie
613 929 826 971 Gemmniae,
854 935 892 962 et
922 931 980 973 qui
1007 939 1075 962 non

358 980 548 1023 primordia
575 982 694 1022 populi
722 982 878 1024 Romani,
899 983 991 1015 sicut
1018 983 1076 1015 alii

360 1042 462 1074 reges
500 1032 664 1074 ducesve,
701 1033 762 1066 sed
796 1032 1076 1068 florentissimum

359 1082 542 1124 imperium
567 1083 776 1116 lacessierit.
812 1085 942 1126 proeliis
968 1085 1076 1118 ambi-

360 1143 458 1175 guus,
472 1134 565 1167 bello
577 1144 645 1166 non
658 1135 792 1176 victus;
816 1140 951 1178 septem
967 1142 1004 1169 et
1019 1137 1077 1169 tri·

360 1186 458 1227 ginta
474 1196 580 1220 annos
599 1186 699 1219 vitae’
726 1187 826 1231 (ergo
843 1189 996 1230 patravit
1012 1190 1076 1222 hoc

359 1246 448 1269 anno
466 1238 580 1269 aetatis
602 1238 769 1279 vigesimo
792 1237 908 1282 sexto)
922 1240 932 1257 ‘
948 1240 1076 1272 duode-

361 1288 429 1320 cim
456 1289 625 1330 potentiae
656 1289 833 1331 explevit:
870 1290 1075 1333 caniturque

359 1339 470 1371 adhuc
486 1339 651 1372 barbaras
674 1341 765 1382 apud
786 1345 920 1383 gentes,
935 1341 1076 1374 Graeeo-

361 1401 445 1427 rum,
461 1391 641 1424 annalibus
667 1391 818 1433 ignotus,
833 1391 892 1434 qui
912 1402 976 1424 sua
1000 1398 1076 1425 tan-

358 1444 435 1475 tum
447 1443 633 1480 mirantur:
652 1443 817 1478 Romanis
830 1443 915 1475 haut
930 1443 1075 1485 perinde

359 1494 521 1535 celebris,
545 1494 626 1526 dum
642 1498 764 1526 vetera
788 1494 997 1535 extollimus,
1021 1505 1075 1526 re-

359 1546 514 1582 centium
529 1544 717 1578 incuriosi.¹
739 1545 925 1586 Schegkius.
964 1545 1074 1578 Armi-

358 1596 444 1638 nius]
466 1596 589 1630 Refert
604 1597 752 1630 Hermcm
767 1596 1032 1630 Germanorum.

404 1647 575 1690 Sigimeri]
597 1648 747 1680 Videtur
773 1649 838 1681 boc
866 1658 989 1682 nomen
1017 1649 1074 1681 de-

360 1698 443 1732 duci
457 1710 478 1731 a
492 1700 559 1740 sige
586 1700 658 1732 sive
676 1710 762 1740 sege,
777 1700 868 1742 quod
896 1700 1074 1733 veteribus

362 1751 546 1788 Germanis
571 1751 749 1783 victoriam
773 1752 931 1792 denotat,
945 1756 982 1784 et
997 1763 1075 1794 mer,

361 1803 452 1845 quod
464 1802 769 1846 equum-,siguificat
780 1814 790 1843 ;
803 1804 893 1836 unde
903 1808 938 1836 et
951 1813 1076 1846 equam

360 1864 416 1887 een
426 1864 531 1897 merry
543 1854 655 1888 adhuc
667 1856 893 1897 appellamus.
914 1855 946 1887 A
959 1855 1075 1896 priore

361 1915 448 1938 voce
462 1915 536 1947 sege
551 1910 587 1938 et
600 1906 669 1947 sige
692 1906 801 1938 multa
828 1906 968 1948 nomina
990 1906 1076 1938 Ger-

359 1957 496 1990 manica
509 1956 678 1999 originem
694 1966 874 1998 accepere.
903 1956 961 1989 Ita
972 1957 1077 1998 Sege-

360 2007 492 2052 bertus,
506 2007 722 2050 Segefridus,
747 2008 999 2050 Segemundus,
1015 2009 1075 2040 Se-

359 2058 510 2100 gericus,
555 2059 730 2101 Segestes,
761 2058 946 2101 Sigovesus
993 2051 1074 2091 in'de

361 2110 594 2152 appellantur.
640 2109 672 2142 A
695 2119 774 2150 mer,
791 2110 862 2142 sive
879 2119 959 2151 mar,
979 2110 1075 2142 Mar-

360 2171 530 2203 comerus‚
544 2160 791 2198 Maroboduus,
814 2160 1076 2201 Mareschallus,

359 2212 395 2244 id
412 2216 478 2254 est,
502 2210 688 2253 praefectus
704 2211 882 2254 Equitum,
897 2211 1078 2243 Virdoma-

360 2273 428 2295 rus.
475 2262 644 2296 Occurrit
659 2271 796 2305 quoqne
817 2262 955 2294 Marach
977 2272 1077 2297 voca-

361 2314 477 2347 bulum
493 2323 555 2355 pro
569 2323 656 2356 equo
672 2314 707 2345 in
722 2313 855 2354 legibus
869 2312 1078 2346 Alemanno-

360 2363 436 2398 rum
453 2364 508 2398 tit.
523 2368 577 2397 70.
593 2369 630 2397 et
645 2367 699 2396 71.
736 2364 881 2406 leysiue.

406 2415 532 2458 Ety‘am
547 2416 704 2458 civitatis]
718 2416 840 2448 Scribe
853 2426 930 2449 cum
947 2416 1077 2459 Lipsie,

360 2467 457 2501 etiam
471 2467 532 2504 civ.

405 2519 572 2554 Neminem
584 2548 586 2550 ,
596 2518 729 2555 celerius
751 2517 902 2560 opprimi]
941 2517 1077 2550 Eximia

361 2580 468 2616 super
478 2571 544 2604 hoe
561 2576 764 2613 argumento
779 2571 866 2612 loca,
880 2576 983 2613 atque
998 2580 1077 2603 cum

361 2622 551 2663 grandibus
563 2622 732 2664 exemplis
744 2622 931 2663 conjuncta
942 2622 1077 2654 notavit

361 2672 503 2714 Lipsius
519 2672 627 2705 Polit.
642 2682 677 2704 v.
698 2675 749 2705 16.
767 2675 820 2704 23.
841 2676 878 2704 et
892 2682 990 2716 seqq.
1016 2672 1076 2705 ubi

363 2722 469 2754 etiam
482 2723 694 2757 hmo-Nostri
708 2723 875 2756 Auctoris
891 2724 1074 2756 sententia.

364 2771 544 2817 Boeolerus.

406 2822 574 2867 Segesten]
596 2825 771 2872 Segestes),
792 2830 833 2859 ut
846 2829 927 2859 ante
949 2834 1076 2872 memo-

664 222 809 254 NOTAE
842 222 1116 255 VARIORUM
1153 223 1206 254 ΙΝ
1243 222 1531 258 PATERGUM

1129 318 1295 362 ravimus,
1318 329 1339 352 a
1360 330 1446 364 sege,
1460 321 1532 355 sive
1558 321 1702 356 victoria
1723 332 1845 359 nomen

1128 370 1279 411 accepit.

1172 421 1236 453 Sed
1258 423 1473 464 praesalebant
1499 434 1570 464 Jom
1597 424 1691 466 sota]
1724 425 1846 468 Negat

1129 471 1237 505 editio
1253 478 1363 507 vetus.
1407 475 1497 507 Haec
1515 484 1679 517 germana
1691 475 1751 508 illa
1766 482 1843 510 est:

1067 543 1070 550 ε
1127 522 1311 557 indicatur:
1332 526 1513 567 postulabat
1535 527 1632 560 etiam
1653 526 1743 566 fata.
1786 527 1845 563 An

1129 575 1197 607 tale
1214 574 1342 618 aliquid
1359 575 1447 608 fuit?
1478 578 1650 618 indicatur,
1664 578 1718 620 qui
1730 579 1847 612 metri

1125 625 1304 666 postulabat
1319 628 1426 660 etiam.
1474 629 1566 661 Nam
1579 629 1671 671 apud
1685 629 1846 663 Tacitum

1128 677 1288 718 Segestes
1318 678 1393 720 ipse
1422 678 1472 711 ita
1501 685 1642 713 narrat:
1675 681 1687 698 ‘
1706 679 1844 714 Dilatus

1129 728 1278 768 segnitia
1293 727 1405 770 ducis,
1417 734 1457 762 ut
1473 739 1528 762 me
1544 735 1582 762 et
1598 729 1792 764 Arminium
1808 737 1846 765 et

1129 779 1284 812 conscios
1310 779 1458 812 vinciret
1484 779 1663 822 flagitavi?
1707 780 1764 815 'An
1785 792 1876 824 pm·

1127 829 1198 862 tius
1214 831 1263 863 sic
1274 831 1287 862 Ρ
1298 831 1476 871 Judicatur.
1523 831 1698 865 Obstalme
1712 832 1846 874 redient

1119 880 1209 920 fota.
1257 881 1348 914 Nam
1362 882 1437 914 haec
1453 882 1538 915 talia
1563 891 1657 926 saepe
1675 893 1773 926 perp
1787 884 1847 918 lit-

1129 937 1236 966 teram
1252 933 1453 967 scribebant
1469 938 1529 966 aut
1551 935 1760 977 sculpebant
1775 935 1845 980 (la-

1127 984 1227 1026 pides
1243 983 1386 1027 docent)
1402 985 1571 1027 opstare,
1593 986 1758 1030 0psides,
1771 987 1847 1031 Op-

1128 1037 1227 1069 sitae:
1252 1041 1356 1079 atque
1372 1036 1454 1069 hinc
1470 1037 1601 1072 librarii
1616 1047 1727 1071 error.
1753 1038 1845 1081 ἂμ.

1127 1087 1193 1120 Sed
1206 1087 1444 1129 praevalebant·
1425 1098 1497 1127 Jam
1503 1087 1597 1130 fato]
1622 1088 1845 1131 Legehatnr:

1124 1138 1304 1180 postulabat
1323 1137 1420 1170 etiam
1438 1137 1516 1176 sata
1537 1138 1689 1180 consiliis,
1709 1149 1845 1173 omnem·

1126 1199 1184 1230 que
1195 1189 1296 1222 animi
1311 1188 1376 1229 eius
1387 1189 1487 1222 aciem
1496 1193 1742 1231 proeetnmerat.
1771 1191 1845 1224 Un-

1127 1239 1171 1272 de
1186 1239 1343 1282 legerim,
1360 1240 1564 1282 praevalebat,
1576 1242 1632 1273 sed
1654 1241 1846 1281 ,inassatum

1125 1291 1277 1333 consiliis,
1303 1301 1482 1333 omnemque
1511 1292 1612 1324 animi
1644 1292 1710 1332 qiua
1745 1293 1846 1326 acum

1124 1346 1367 1384 praestruxerat.
1412 1343 1619 1385 Quanquam
1641 1342 1702 1376 illo
1726 1345 1846 1385 positu

1126 1394 1300 1435 particula
1314 1394 1379 1435 sed,
1393 1393 1500 1427 etiam
1512 1404 1532 1425 a
1543 1394 1664 1436 Lipsio
1676 1394 1726 1427 ita
1740 1395 1846 1428 collo-

1126 1449 1207 1478 cata
1230 1445 1266 1478 in
1289 1445 1427 1478 emend.
1442 1446 1544 1488 hujus
1571 1445 1652 1488 loci,
1674 1456 1744 1479 nou
1759 1446 1844 1480 satis

1125 1496 1253 1538 placet.
1286 1496 1433 1532 Boecler.

1169 1547 1444 1589 Praestinxerant]
1467 1547 1526 1580 Sic
1551 1551 1648 1581 recte
1672 1548 1739 1583 hoc
1759 1548 1845 1583 scri·

1125 1597 1233 1639 bitur,
1258 1608 1279 1629 a
1303 1599 1528 1640 praestinguo.
1573 1600 1622 1633 Et
1643 1600 1845 1635 maleidem

1125 1649 1225 1682 verbi
1242 1649 1300 1682 alii
1316 1650 1418 1687 aliter
1433 1650 1555 1692 legunt
1570 1650 1692 1684 Plauti
1706 1650 1819 1689 milite
1833 1663 1844 1685 ε

1126 1701 1135 1718 ‘
1151 1700 1341 1733 Oculorum
1355 1700 1582 1743 praestinguat
1594 1702 1706 1735 aciem
1716 1702 1752 1735 in
1768 1703 1846 1736 acie

1126 1751 1305 1785 hostibus?
1358 1750 1527 1795 Adeoque
1557 1752 1735 1788 Ciceronis
1751 1753 1845 1790 ,Phi-

1128 1804 1215 1846 lipp.
1234 1807 1287 1837 12.
1310 1804 1321 1821 ‘
1337 1803 1594 1838 Praestinxerat
1614 1805 1724 1838 aciem
1739 1805 1845 1838 animi

1127 1854 1173 1887 D.
1203 1854 1306 1886 Bruti
1335 1853 1450 1887 salus!
1493 1854 1563 1887 Sed
1588 1854 1689 1897 hujus
1704 1855 1844 1898 quidem

1128 1905 1286 1947 plurimis
1299 1905 1383 1938 locis
1399 1905 1491 1939 idem
1510 1915 1630 1940 error:
1653 1907 1759 1939 etiam
1773 1905 1846 1940 Au-

1128 1957 1215 1989 sonii
1228 1957 1426 2000 aliquantis,
1446 1957 1481 1989 in
1497 1958 1597 2000 cnjus
1612 1956 1661 1994 dev
1669 1950 1842 1992 nobilibus

1127 2008 1281 2042 Urbibus
1298 2009 1408 2051 primo
1433 2009 1586 2041 carmine
1608 2009 1844 2051 exploratissi-

1127 2069 1219 2091 mum
1233 2064 1287 2092 est
1298 2059 1380 2091 mihi
1391 2059 1494 2092 aliter
1506 2059 1608 2092 scribi
1620 2069 1689 2092 non
1701 2059 1844 2107 debere,

1128 2120 1247 2153 quam:
1272 2110 1281 2128 ‘
1299 2111 1382 2142 Fuit
1395 2110 1482 2152 haee,
1495 2111 1589 2143 subit
1602 2110 1692 2142 ista:
1727 2110 1843 2144 novis-

1127 2171 1192 2204 que
1210 2162 1394 2195 Excellens
1421 2161 1557 2194 meritis
1583 2165 1737 2194 veterem
1753 2171 1842 2203 proe-

1126 2213 1274 2255 stinguit
1297 2211 1485 2245 honorem.'
1531 2212 1577 2244 Et
1590 2221 1727 2255 quoque
1747 2211 1841 2244 Pau-

1127 2264 1186 2296 lini
1211 2265 1316 2306 longa
1335 2264 1396 2296 illa
1417 2263 1581 2305 epistad
1597 2262 1842 2299 Ausominnu-

1126 2315 1299 2357 merisque
1324 2313 1474 2346 omnium
1497 2312 1606 2346 ferme
1629 2314 1841 2356 scriptorum

1126 2367 1232 2407 locis;
1254 2376 1331 2409 quae
1347 2365 1456 2398 cuivis
1472 2365 1584 2397 ubivis
1599 2364 1644 2397 de
1659 2365 1841 2405 sententia

1127 2418 1262 2451 ratione
1280 2417 1455 2458 corrigere
1466 2415 1680 2448 facillimum.
1711 2415 1841 2449 Acidal-

1127 2467 1404 2509 Proestinxerant]
1428 2467 1562 2499 Dubito
1579 2471 1841 2508 tamen,annon

1122 2522 1391 2562 proestruxerunt,
1419 2518 1511 2561 quod
1534 2518 1626 2551 idem
1647 2522 1703 2550 est
1725 2527 1768 2550 ac
1787 2516 1840 2550 ob·

1126 2575 1325 2611 struxerant,
1355 2571 1525 2613 scriptum
1552 2569 1662 2604 fuerit
1690 2569 1839 2606 Velleio.

1127 2613 1308 2658 Quomodo
1334 2622 1447 2655 Julius
1471 2622 1620 2654 celsus..
1639 2622 1651 2640 ‘
1668 2619 1839 2660 Perituris

1127 2676 1244 2707 oculos
1267 2673 1419 2706 obstruit
1444 2671 1608 2705 fortuna-⁹
1649 2671 1707 2707 Sic
1719 2671 1839 2714 legen-

1126 2726 1221 2765 dum,
1233 2735 1300 2757 non
1314 2724 1421 2757 oculis.
1466 2724 1554 2756 Sane
1571 2723 1630 2756 vix
1643 2726 1711 2765 est,
1724 2727 1764 2756 ut
1777 2722 1839 2756 ali-

1126 2780 1182 2809 ter
1196 2775 1405 2810 existimem.
1446 2774 1583 2807 Vossius.

1170 2826 1236 2864 Qui
1248 2825 1432 2868 sedunam]
1465 2825 1507 2859 In
1534 2825 1747 2869 autographo
1772 2800 1837 2868 pro
