2002 3250
325 277 384 319 20
815 304 817 307 ,
867 282 1262 314 PnonncomssNA.

324 385 475 441 prouti
502 397 694 441 quaeque
727 385 942 432 senserat,
974 380 1188 423 orationis
1218 377 1459 422 luminibus
1489 376 1827 436 distinguendis

323 453 532 508 omnique
563 454 930 501 ornamentorum,
957 452 1188 504 troporum
1219 446 1484 497 efficacium,
1511 445 1807 501 epithetorum

321 522 699 576 gravissimorum,
720 522 800 561 διο.
822 531 979 573 genere
999 517 1258 560 instruendi.
1292 514 1545 558 Eorundem
1564 514 1807 557 affectuum

322 589 503 632 modum
523 589 780 636 naturaliter
798 587 996 642 sequitur
1011 586 1083 630 vel
1101 586 1296 630 brevitas
1309 583 1538 636 orationis,
1558 584 1633 626 vel
1652 583 1804 639 copia,

321 659 436 701 inter
455 672 502 701 se
529 658 702 700 mixtae.
1776 693 1780 697 .

382 726 657 781 Frequentes
696 738 878 780 quoque
917 723 1038 779 apud
1078 722 1302 766 Velleium
1340 725 1441 764 sunt
1480 721 1726 772 sententiae,
1761 723 1807 763 et

321 796 637 850 sententiosum
668 793 843 836 dicendi
881 805 1040 847 genuS,
1084 791 1204 846 quod
1235 803 1416 846 prorsus
1449 791 1690 833 oratorium
1720 792 1804 835 est.

322 863 428 906 Non
449 864 590 905 solum
611 854 741 913 enim,
764 874 867 917 quae
888 860 1010 902 finite
1041 860 1097 902 de
1130 859 1263 902 certis
1283 859 1504 915 personis,
1525 860 1677 910 rebuS,
1697 860 1806 904 tem-

320 932 595 987 poribusque
616 929 945 986 pronuntianda
973 931 1111 980 erant,
1143 941 1199 970 ea
1230 927 1407 971 infinita
1426 929 1625 970 oratione
1644 939 1806 983 propo-

319 999 400 1050 nit,
433 1003 479 1042 et
509 999 686 1053 singula
718 999 803 1040 sub
831 1010 989 1052 genere
1021 996 1229 1038 universo
1258 995 1606 1050 comprehendit,
1640 1007 1684 1037 v.
1705 1007 1746 1036 c.
1770 1004 1805 1036 1.

318 1067 390 1110 12.
427 1079 482 1109 11.
500 1068 542 1110 3.
563 1067 663 1109 128.
677 1071 758 1109 διο.
789 1066 867 1108 sed
885 1065 1021 1107 etiam
1042 1065 1212 1120 saepius
1231 1064 1458 1106 immiscet
1475 1062 1805 1119 propositiones

318 1136 563 1187 universas,
584 1148 620 1177 s.
640 1135 923 1191 pronuntiata
942 1133 998 1175 de
1018 1132 1228 1175 universo
1249 1132 1444 1189 quodam
1462 1145 1609 1174 rerum
1629 1143 1805 1186 genere,

317 1204 388 1245 vel
407 1217 469 1246 ex
487 1204 589 1258 ipsa
607 1217 653 1245 re
678 1205 856 1245 narrata
881 1206 928 1244 et
960 1201 1176 1243 similium
1203 1201 1483 1256 experientia
1511 1201 1690 1253 hausta,
1724 1198 1803 1244 vel

318 1272 366 1314 in
386 1286 432 1322 re
452 1272 665 1326 singulari
691 1272 736 1313 in
756 1271 953 1313 animum
973 1270 1208 1312 scribentis
1226 1272 1451 1312 revocata.
1514 1268 1605 1311 His
1625 1272 1804 1312 senten-

316 1341 409 1394 tiis,
446 1355 549 1397 quae
571 1340 755 1396 quidem
779 1339 961 1382 lectoris
989 1339 1185 1381 animum
1212 1342 1378 1382 acuunt
1404 1342 1538 1394 atque
1559 1338 1802 1392 instruunt,

317 1410 380 1453 ita
398 1410 657 1452 creberrime
675 1408 812 1450 utitur
843 1406 1065 1459 Velleius,
1091 1410 1155 1460 ut,
1187 1421 1288 1449 cum
1309 1407 1445 1449 simul
1465 1407 1611 1450 aciem
1636 1407 1803 1463 ingenii

316 1482 361 1522 et
378 1478 538 1521 mentis
569 1478 835 1533 sapientiam
867 1477 1099 1532 scriptoris
1131 1476 1347 1532 aperiant,
1378 1489 1714 1532 nonnunquam,
1734 1477 1803 1522 in-

315 1547 434 1602 genii
453 1547 675 1589 acuminis
696 1545 949 1588 ostentandi
970 1558 1126 1597 causa,
1157 1546 1290 1588 avide
1310 1558 1390 1588 eas
1411 1550 1626 1600 captasse
1646 1545 1802 1591 videa-

316 1620 414 1670 tur3
446 1615 569 1672 quod
588 1619 734 1658 tamen
755 1615 909 1657 aetatis
930 1614 1098 1669 potiuS‚
1113 1627 1250 1670 quam
1271 1615 1504 1670 scriptoris
1524 1615 1675 1667 unius,
1691 1616 1802 1658 erat.

316 1684 409 1727 Hae
430 1685 661 1726 sententiae
685 1685 925 1726 occurrunt
957 1682 1223 1743 legentibus,
1255 1682 1322 1724 vel
1359 1683 1407 1725 in
1437 1683 1523 1725 fine
1551 1684 1616 1725 rei
1651 1683 1801 1739 cujus-

316 1752 420 1795 dam
439 1759 645 1803 narratae,
676 1755 724 1793 ut
748 1751 923 1807 judicia
942 1750 998 1793 de
1019 1763 1065 1792 re
1092 1751 1304 1806 exposita
1324 1754 1557 1803 acuantur,
1577 1755 1801 1806 regantur,

315 1825 359 1863 et
378 1822 568 1876 sapienti
589 1820 785 1875 quodam
814 1823 1047 1875 praecepto
1084 1820 1219 1862 animi
1250 1819 1535 1872 instruantur,
1567 1834 1612 1864 v.
1634 1834 1676 1863 c·
1699 1831 1732 1862 1.
1753 1820 1801 1867 2.

315 1890 390 1933 11.
422 1900 475 1931 11.
495 1889 583 1940 10.,
613 1887 679 1930 vel
709 1890 756 1931 in
786 1889 1049 1931 transitione
1071 1888 1130 1930 ad
1151 1901 1240 1930 rem
1267 1901 1448 1941 novam,
1469 1902 1656 1944 eamque
1675 1902 1801 1944 mag·

313 1970 417 2000 nam
436 1958 701 2013 miramque,
734 1958 831 2000 sive
865 1957 922 1999 ad
952 1957 1057 2000 talis
1090 1958 1152 1999 rei
1181 1969 1349 1999 novum
1383 1960 1602 2009 eventum,
1633 1960 1726 2000 tum
1751 1959 1806 2001 ut

314 2030 542 2082 praeparet
573 2027 703 2081 quasi
737 2026 949 2077 animum,
979 2039 1023 2068 v.
1056 2040 1095 2069 c.
1133 2037 1187 2068 11.
1221 2025 1294 2068 53.
1324 2027 1397 2069 75.
1422 2029 1504 2069 &c.
1535 2030 1631 2068 tum
1661 2029 1712 2070 ut
1739 2026 1799 2072 de

313 2094 467 2137 causis
487 2107 636 2137 earum
657 2096 983 2146 communibuS,
1015 2095 1112 2138 sive
1144 2094 1192 2136 in
1223 2095 1446 2137 communi
1474 2108 1638 2147 rerum,
1656 2094 1797 2140 homi·

312 2176 502 2220 numque
527 2168 698 2216 natura,
734 2164 832 2206 sive
864 2164 913 2206 in
937 2163 1129 2207 fortunae
1160 2163 1342 2206 arbitrio
1375 2165 1472 2206 sitis
1517 2163 1585 2219 (v.
1605 2177 1646 2206 c.
1671 2174 1703 2206 1.
1725 2164 1798 2208 12.

315 2242 371 2273 11.
390 2232 463 2275 30.
484 2233 557 2276 57.
578 2232 719 2288 118.),
745 2232 934 2275 erudiat.
995 2232 1101 2284 Quo
1122 2236 1269 2274 autem
1293 2232 1380 2274 hoc
1402 2244 1538 2286 genus
1559 2233 1801 2278 sententia-

312 2313 412 2343 rum
433 2301 631 2343 maxime
666 2301 992 2343 commendatur
1019 2300 1238 2351 acumine,
1273 2299 1321 2340 id
1354 2301 1568 2355 quaesivit
1593 2300 1796 2355 inprimis

313 2367 518 2412 Velleius
537 2370 583 2411 in
605 2369 848 2421 antithetis,
860 2370 907 2411 in
927 2369 1089 2424 quibus
1111 2368 1221 2410 illud
1242 2369 1462 2411 contraria
1479 2369 1565 2410 sibi
1586 2369 1796 2423 invicem,

313 2439 359 2479 et
379 2437 561 2492 quidem
588 2451 677 2480 non
705 2438 904 2493 cujusvis
935 2437 1078 2480 oculis
1113 2437 1263 2488 obvia,
1292 2436 1677 2492 deprehendendo,
1697 2451 1797 2493 per-

314 2505 559 2560 spiciendo,
580 2510 624 2548 et
643 2506 949 2548 concinnando
963 2518 1063 2547 sese
1084 2505 1245 2560 prodit.
1269 2505 1436 2548 Eadem
1455 2505 1557 2548 haec
1579 2506 1796 2550 antitheta.

310 2578 493 2628 regnant
513 2586 690 2628 quoque
709 2573 755 2614 in
776 2577 869 2615 toto
891 2574 1126 2628 scriptoris
1155 2573 1364 2616 narrandi
1380 2587 1549 2628 genere.
1595 2572 1654 2616 V.
1674 2586 1714 2616 o.
1741 2584 1794 2616 ιι.

311 2640 356 2684 1.
376 2641 419 2684 5.
438 2642 512 2685 49.
532 2655 600 2697 sq.
616 2641 688 2684 84.
704 2641 806 2683 117.
838 2640 973 2693 Quod
994 2655 1097 2683 vero
1119 2643 1414 2698 scriptoribus
1436 2643 1643 2684 acumina
1660 2641 1794 2685 nimis

311 2711 597 2765 captantibus
637 2709 840 2752 accidere
893 2709 1022 2761 solet,
1068 2716 1115 2752 ut
1153 2723 1474 2766 nonnunquam
1524 2713 1795 2764 argntentur,

310 2776 512 2832 adeoque
540 2779 590 2820 in
621 2777 760 2832 frigus
789 2777 997 2833 putidum
1026 2782 1073 2819 et
1098 2778 1269 2833 puerile
1293 2779 1507 2829 incidant,
1535 2778 1584 2820 id
1611 2790 1794 2833 quoque

309 2843 489 2889 Velleio
509 2846 707 2892 obvenit.
764 2845 874 2890 Vid.
897 2857 931 2889 1.
949 2845 1024 2890 16.
1045 2846 1118 2891 18.
1150 2856 1205 2889 11.
1222 2847 1267 2890 4.
1287 2846 1362 2891 22.
1421 2845 1592 2906 Contra
1612 2847 1792 2907 concin-
