2008 3210
547 255 797 288 ms'rORIAE
831 253 1057 297 ROMA-NR.
1091 254 1188 286 Lm.
1222 254 1273 286 ΙΙ.
1302 244 1346 285 4.

207 360 246 385 se
259 351 451 395 justissimo
475 351 576 385 titulo
603 352 783 395 possidere
800 351 917 385 Asiam

208 403 456 446 gloriabantur.
479 403 527 436 Et
538 413 633 446 sane,
642 405 653 423 ‘
667 403 809 436 alienari
823 413 917 447 quae·

206 455 288 487 dam
312 454 457 497 imperia
482 454 603 496 posse'
632 453 801 496 exemplis
823 463 916 486 com-

207 506 361 549 pluribus
372 506 480 549 (inter
488 515 566 549 quoe
578 505 684 538 etiam
694 504 770 538 haec
782 503 918 547 nostra)

206 557 362 590 ostendit
382 558 431 591 H.
444 557 592 590 Grotius
614 556 657 589 de
671 556 748 591 Jur.
772 555 856 588 bell.
879 560 917 588 et

206 619 285 652 pac.
298 609 427 651 partim
442 618 467 641 ι.
479 611 509 641 8.
521 611 573 641 12.
601 607 728 650 partim
744 607 780 639 in
799 606 916 639 Anno-

205 661 288 694 tntis
303 660 348 693 ad
361 660 458 693 illum
471 660 598 692 locum.
625 659 807 692 Boea-lena.

208 726 211 728 ·
249 711 301 744 M.
314 711 490 754 Perperna]
506 710 576 744 Qui
587 711 706 743 consul
719 714 801 742 ante
814 719 916 753 qnam

205 763 307 804 civis,
333 763 492 795 Valerius
515 761 576 794 lib.
603 770 661 794 ιιι.
685 770 765 803 cap.
780 763 814 792 4.
869 760 917 792 Et

206 823 308 857 quem
325 813 556 856 triumphasse
567 821 645 845 cum
657 816 789 852 nostro,
799 811 829 843 si
844 811 917 843 vul-

207 870 323 907 gatam
334 865 520 908 sequimur,
528 864 671 895 innuere
682 862 916 901 videtur‚eon-

206 922 263 949 tra
299 922 450 948 mentem
481 914 689 957 reliquorum
726 918 917 955 anctorum,

205 968 264 1011 qni
281 967 316 1000 iu
329 967 507 1010 provincia
516 970 690 999 mortuum
702 965 915 1008 relinquunt.

206 1019 393 1060 semeias.

249 1070 329 1113 im]
347 1071 469 1103 Recte.
493 1069 572 1103 Non
590 1069 640 1102 M.
654 1072 694 1101 ut
709 1068 823 1110 vulgo.
855 1069 915 1100 Sa·

206 1132 250 1156 ue
267 1123 399 1155 Manias
409 1121 538 1154 dicitur
548 1130 617 1153 non
629 1120 738 1153 solum
750 1120 827 1152 Val.
839 1119 916 1152 Ma-

205 1173 311 1215 ximo,
339 1171 401 1206 sed
434 1176 472 1205 et
496 1172 531 1204 in
556 1171 679 1205 Fastis.
722 1170 840 1214 Atque
866 1170 917 1204 ita

204 1225 310 1258 etiam
341 1223 434 1267 apud
461 1222 671 1256 Strabonem
700 1222 761 1255 lib.
777 1230 856 1255 xiv.
880 1222 916 1255 in

204 1275 308 1308 editis
333 1275 416 1307 olim
444 1273 701 1317 exemplaribus
724 1273 916 1316 legebatur,

205 1326 310 1362 Quod
337 1335 406 1359 non
431 1326 520 1358 bene
535 1325 571 1358 in
593 1334 656 1358 sua
669 1324 824 1357 editione
844 1334 916 1357 mu-

205 1378 296 1411 tavit
321 1377 490 1410 maximus
520 1375 752 1410 Casaubonus.
810 1375 915 1418 Apud

203 1429 379 1464 lustinum
390 1433 506 1462 tamen
519 1428 580 1461 lib.
593 1436 728 1461 xxxvi.
749 1428 760 1446 ⁴
774 1427 916 1461 Marcus

203 1480 398 1523 Aquillius’
419 1479 561 1514 dicitur.
606 1478 678 1512 Sed
705 1478 838 1511 Manius
862 1487 914 1510 re-

203 1531 434 1566 scribendum.
463 1531 551 1565 Vm.
602 1531 667 1564 Sea
688 1530 753 1564 Μ’.
768 1530 914 1573 Aquilio]

204 1584 271 1616 Sed
290 1594 313 1616 s
340 1582 408 1616 Μ’.
420 1582 561 1626 Aquinio
582 1582 766 1625 legendum
788 1592 808 1615 e
823 1583 916 1615 Stra·

204 1635 296 1668 bone
320 1635 378 1669 lib.
399 1643 476 1668 xiv.
512 1634 588 1667 Val.
610 1635 708 1668 Max.
723 1639 760 1667 et
774 1634 915 1668 Justino

204 1686 264 1720 lib.
280 1693 430 1719 xxxvn.
462 1685 643 1718 nunnus.
690 1685 759 1727 [Ut
773 1685 822 1718 ita
845 1685 914 1718 dis-

204 1737 395 1780 tinguatur,
409 1737 579 1779 ductuque
593 1736 628 1769 in
642 1737 815 1779 triumpho,
829 1738 883 1770 sed
894 1748 914 1770 ιι

203 1788 268 1822 Μ’.
289 1789 432 1831 Aquilio,
457 1790 514 1830 ξε.
537 1788 683 1822 Ursinus
709 1789 766 1821 sed
787 1788 913 1831 delet.]

202 1840 271 1874 Sed
284 1840 350 1873 Μ’.
364 1839 519 1882 Aquinio]
541 1839 740 1882 Scripserat
750 1839 915 1881 Velleius,

204 1893 440 1927 Aristonicum
455 1902 478 1925 a
489 1893 673 1935 Perperna
683 1892 813 1925 victum
827 1895 838 1925 ἰ
854 1891 914 1924 de-

203 1943 436 1986 siderabatur,
444 1948 484 1976 ut
494 1943 540 1976 de
552 1943 674 1976 eodem
687 1943 915 1985 triumphasse

202 1995 300 2028 illum
322 1995 471 2028 diceret.
508 1994 551 2027 Id
578 1993 703 2027 falsum
728 1999 818 2035 erat,
833 1995 916 2037 quia

202 2046 382 2089 Perperna
402 2046 437 2078 in
456 2045 636 2089 provincia
650 2052 726 2079 erat
749 2051 916 2079 mortuus.

202 2098 272 2132 Sed
288 2108 368 2132 cum
383 2098 416 2132 ei
433 2107 613 2131 successor
628 2102 721 2130 esset
733 2098 834 2130 datus
849 2097 915 2130 Μ’.

203 2148 390 2193 Aquillius,
405 2150 435 2182 is
457 2149 612 2192 reliquiis
627 2148 709 2182 belli
732 2148 916 2190 confectis,

202 2201 277 2242 egit
288 2201 511 2244 triumphum,
524 2210 627 2245 quem
645 2201 829 2243 Perperna
843 2210 915 2234 me-

202 2257 334 2286 ruerat.
371 2252 430 2286 ob
452 2252 543 2286 tnnc
569 2262 710 2286 causam
724 2251 764 2285 τὸ
782 2253 837 2285 sed
857 2252 916 2285 sd-

199 2304 346 2347 jeetnm.
391 2303 578 2337 Reticetur
593 2312 674 2337 vero
687 2314 723 2344 ι,
739 2302 915 2347 frequenti

202 2354 337 2388 Velleio
351 2363 462 2388 more.
501 2354 558 2388 lta
574 2353 679 2389 infra:
704 2358 715 2376 ⁶
731 2356 915 2398 expulsum

203 2409 347 2443 civitate
378 2410 418 2443 Ι..
445 2409 630 2443 Saturnino
644 2408 667 2442 :'
704 2413 742 2442 et
775 2408 915 2451 deinde,

201 2462 211 2479 ⁴
228 2470 307 2493 cum
322 2459 482 2502 proxima
496 2459 594 2503 regio
605 2459 729 2493 castris
743 2459 913 2503 Pompeio

202 2512 375 2546 retinetur
389 2510 412 2543 ι’
439 2510 537 2552 item,
558 2513 568 2530 ‘
584 2515 732 2554 proruto
747 2511 838 2544 vallo
851 2511 913 2544 mi-

200 2562 322 2596 litibus
332 2566 496 2604 receptus
506 2565 561 2594 est
575 2560 596 2594 ι’
610 2565 816 2604 posteaque,
829 2562 839 2582 ⁴
849 2561 914 2595 boe

204 2614 255 2647 M.
266 2612 420 2646 Antonio
435 2616 515 2645 acto
527 2611 597 2645 illis
607 2611 799 2653 legionibus
810 2612 915 2645 saluti

201 2663 289 2698 fult!
327 2663 404 2696 Nisi
439 2668 556 2696 tamen
586 2662 693 2696 dandi
723 2672 806 2696 essu
836 2663 913 2696 lia-c

202 2715 399 2758 intelligere
415 2715 524 2748 malls.
562 2715 610 2747 Et
624 2714 689 2747 lioc
703 2714 831 2754 verius.
866 2714 912 2748 n·

201 2767 262 2801 lud
282 2776 377 2809 vero,
396 2765 407 2787 ⁸
421 2766 539 2811 eapite
562 2774 680 2808 poenas
701 2764 827 2806 dedit:
854 2773 914 2799 ne·

203 2826 372 2861 quaquam
388 2816 432 2850 ad
449 2816 639 2860 Aquinium
655 2815 777 2850 referri
794 2816 913 2852 debet.

203 2868 294 2902 Nam
310 2867 543 2910 Aristonicus,
563 2871 603 2900 ut
619 2867 808 2910 Eutropius
826 2867 913 2902 Oro·

1595 240 1682 286 309

971 351 1111 395 siusqne
1141 350 1312 392 referunt,
1351 353 1493 382 senatus
1518 349 1618 391 jussu
1647 349 1682 381 in

970 413 1113 436 carcere
1139 407 1194 436 est
1217 401 1462 443 strangulatus.
1507 401 1683 434 Caeterum

968 453 1008 486 τὸ
1035 464 1105 486 cnm
1124 453 1405 496 strangulationis
1428 452 1520 484 illius
1543 460 1683 483 causam

969 505 1098 539 reddit.
1135 506 1223 541 Quae
1238 514 1307 538 non
1321 503 1542 545 monuissem,
1556 502 1622 535 nisi
1636 503 1684 534 lo·

970 565 1032 589 cus
1047 555 1105 589 hie
1121 557 1343 589 vehementer
1358 555 1451 587 viros
1462 554 1585 586 doctos
1599 562 1682 585 vex·

969 612 1075 649 asset,
1088 611 1194 650 atque
1209 606 1336 639 acriter
1353 606 1456 638 etiam
1472 605 1516 638 ab
1532 605 1573 637 iia
1590 609 1683 637 esset

968 662 1124 690 vexatus.
1151 657 1290 690 Vossius.
1325 657 1415 690 Haee
1430 662 1548 690 tamen
1563 656 1685 696 lectio,

968 718 1046 752 quau
1082 709 1119 741 in
1155 712 1255 741 textu
1291 713 1357 751 est,
1393 708 1501 741 etiam
1538 707 1683 740 retineri

969 764 1108 802 potest:
1154 759 1219 792 Μ’.
1243 759 1335 792 enim
1372 758 1528 803 Aquillio
1561 759 1683 792 trium-

968 812 1090 855 phanti
1121 812 1217 854 jussu
1247 815 1388 845 senatus
1417 811 1536 854 capite
1563 820 1683 854 poenas

969 862 1080 897 dedit.

1014 915 1164 948 Cranen-a
1191 915 1394 957 Mucianum]
1442 913 1549 957 Apud
1579 912 1683 957 Agel-

966 965 1065 1007 linm,
1085 966 1159 998 sive
1187 965 1229 999 A.
1245 965 1382 999 Gellius
1406 970 1484 1005 επις
1515 965 1567 998 ait
1588 964 1683 998 Sem-

967 1018 1109 1060 pronius
1125 1017 1269 1059 Asellio,
1282 1018 1434 1061 quinque
1449 1018 1610 1051 babuisse
1627 1027 1680 1051 re-

967 1077 1043 1101 rnm
1059 1069 1225 1102 bonarum
1251 1068 1401 1101 maxima
1422 1073 1459 1101 et
1481 1069 1683 1111 praecipua3

967 1119 1059 1163 quod
1074 1126 1168 1153 esset
1190 1120 1391 1159 ditissimus,
1404 1120 1497 1164 quod
1514 1119 1681 1153 nobilissi-

966 1180 1054 1213 mus,
1067 1170 1160 1214 quod
1175 1171 1491 1214 eloquentissimus,
1514 1170 1605 1213 quod
1622 1170 1684 1204 Ju-

966 1222 1304 1264 risconsultissimus,
1311 1221 1404 1265 quod
1414 1220 1583 1254 Pontifex
1592 1231 1684 1255 max.

967 1272 1071 1305 Hunc
1089 1273 1265 1306 consulem
1287 1273 1430 1305 missum
1447 1273 1574 1306 Cicero
1599 1273 1681 1305 Phi-

966 1325 1052 1368 lipp.
1066 1334 1110 1358 ιι.
1136 1325 1309 1367 Justiuus,
1326 1326 1486 1368 Orosius,
1501 1325 1632 1367 Livius,
1644 1330 1682 1358 et

965 1376 1189 1420 sequentibus
1212 1376 1426 1418 consulibus,
1441 1377 1505 1410 hoc
1518 1381 1584 1418 est,
1601 1387 1681 1420 pro·

965 1427 1144 1460 consulem
1170 1427 1409 1470 interemtum,
1436 1428 1567 1461 Noster
1601 1438 1680 1461 cum

967 1478 1196 1522 Obsequentc
1223 1483 1378 1513 narrant.
1423 1480 1465 1512 In
1493 1489 1535 1512 eo
1569 1480 1683 1513 variat

966 1530 1091 1564 Florus
1114 1530 1174 1564 lib.
1196 1540 1239 1564 ιι.
1261 1541 1341 1575 cap.
1355 1534 1412 1564 2⁰.
1446 1531 1506 1574 qui
1529 1541 1599 1564 non
1623 1541 1681 1565 oe·

966 1582 1091 1623 cisum,
1099 1582 1160 1616 sed
1171 1587 1312 1626 captum
1325 1583 1410 1616 vult.
1421 1582 1560 1624 Schaegk.
1586 1583 1682 1615 Crus-

965 1643 1035 1667 um
1053 1633 1256 1676 msa-m]
1282 1634 1508 1667 Dissentiunt
1522 1638 1682 1667 auctores

965 1696 1072 1730 snper
1086 1689 1198 1719 morte
1213 1685 1316 1728 liujus
1332 1685 1460 1718 Crassi.
1474 1684 1604 1718 Strabo
1619 1685 1682 1718 lib.

966 1747 1043 1771 xiv.
1085 1737 1303 1781 Epitomator
1318 1736 1409 1770 Livii
1430 1736 1491 1770 lib.
1508 1745 1584 1770 mx.
1612 1738 1682 1770 En·

965 1790 1102 1833 tropius
1128 1789 1186 1823 lib.
1201 1798 1237 1822 ν.
1266 1788 1389 1831 proelio
1407 1788 1550 1829 victum,
1575 1793 1613 1822 et
1630 1788 1681 1821 in-

966 1844 1166 1881 teremtum,
1179 1844 1335 1873 narrant.
1362 1839 1526 1872 Valerius
1547 1839 1607 1872 lib.
1620 1848 1682 1872 ιιι.

964 1903 1045 1937 cap.
1069 1895 1116 1935 4.,
1140 1893 1263 1926 Florus
1293 1891 1351 1926 lib.
1375 1900 1417 1925 ιι.
1445 1901 1525 1935 cap.
1547 1891 1683 1934 ultimo,

966 1945 1111 1979 Orosius
1138 1944 1198 1979 lib.
1221 1953 1259 1978 v.
1289 1953 1369 1986 cap.
1397 1945 1452 1976 1⁰.
1478 1942 1635 1984 tradunt,
1661 1953 1682 1975 a

963 1995 1097 2029 'thrace
1126 1995 1288 2039 (qnorum
1317 1993 1488 2027 maximus
1516 2003 1681 2027 numerus

965 2050 1042 2079 ent
1067 2046 1161 2079 inter
1191 2044 1354 2088 presidia
1381 2043 1590 2087 Aristonici)
1623 2054 1681 2078 oc·

965 2097 1086 2129 cisum.
1140 2095 1354 2139 Neutiqum
1383 2104 1466 2127 vero
1496 2095 1547 2128 ita
1575 2104 1681 2138 super

965 2147 1139 2190 dignitate
1164 2147 1238 2190 ejus
1264 2150 1423 2189 pugnant
1446 2150 1621 2187 auctores,
1642 2150 1682 2178 ut

963 2197 1009 2231 ad
1036 2198 1177 2231 Florum
1200 2197 1362 2238 vinetus,
1392 2196 1435 2229 ad
1461 2196 1593 2231 Justini
1617 2196 1679 2229 lib.

965 2259 1097 2284 xxxvi.
1107 2249 1344 2283 arbitrabatur
1351 2248 1573 2290 Bongarsius.
1587 2248 1679 2281 Nam

963 2300 1102 2342 strabo,
1131 2301 1353 2344 Epitomatur
1380 2298 1483 2340 Livii,
1505 2299 1680 2339 Justinus,

965 2351 1121 2393 Orosius,
1153 2351 1345 2394 loquuntur
1377 2349 1423 2382 de
1458 2349 1679 2392 profectione

963 2403 1037 2447 ejus
1053 2403 1088 2436 in
1110 2402 1243 2444 Asiani,
1256 2411 1333 2434 curn
1349 2402 1525 2434 consulem
1542 2407 1679 2435 vocant.

964 2455 1015 2488 At
1046 2454 1220 2487 Velleium
1251 2452 1298 2485 de
1327 2451 1444 2485 reditu
1473 2452 1550 2494 ejus
1584 2452 1679 2495 loqui

962 2509 1114 2548 constat,
1127 2514 1207 2538 narn
1223 2502 1336 2544 addit,
1357 2504 1367 2522 ⁸
1385 2502 1618 2535 decedentem
1634 2512 1680 2535 ex

965 2557 1048 2591 Asia
1058 2556 1321 2601 proconsulem:
1345 2555 1470 2599 Itaque
1481 2555 1681 2589 consulatus

965 2613 1103 2652 tempu·
1116 2608 1190 2642 sinc
1205 2607 1311 2640 dubie
1333 2606 1587 2649 exspiraverat.
1634 2607 1681 2640 Et

963 2660 1014 2694 sie
1024 2660 1130 2694 etiam
1141 2657 1332 2702 capiendus
1346 2657 1481 2699 Florus,
1493 2657 1552 2700 qul
1567 2658 1577 2676 ‘
1592 2667 1680 2700 proe-

964 2717 1077 2745 torem
1089 2710 1098 2727 ’
1112 2711 1211 2744 dicit.
1257 2709 1347 2743 Nam
1364 2708 1524 2751 pra-toris
1537 2713 1575 2742 et
1599 2718 1679 2752 pro·

962 2762 1115 2796 consulis
1148 2760 1338 2804 appellatio
1370 2760 1566 2803 promi-cue
1589 2761 1679 2794 sumi

962 2816 1064 2849 solet.
1108 2813 1248 2847 Vnum.

1011 2866 1073 2908 Et]
1103 2865 1211 2898 Deleo
1239 2868 1285 2907 et,
1313 2861 1504 2906 repetitum
1531 2873 1550 2896 e
1579 2863 1677 2898 verbi
