<?xml version="1.0" encoding="UTF-8"?>
<!DOCTYPE html PUBLIC "-//W3C//DTD XHTML 1.0 Transitional//EN"
    "http://www.w3.org/TR/xhtml1/DTD/xhtml1-transitional.dtd">
<html xmlns="http://www.w3.org/1999/xhtml" xml:lang="en" lang="en">
 <head>
  <title>
</title>
<meta http-equiv="Content-Type" content="text/html;charset=utf-8" />
  <meta name='ocr-system' content='tesseract 3.04.00' />
  <meta name='ocr-capabilities' content='ocr_page ocr_carea ocr_par ocr_line ocrx_word'/>
</head>
<body>
  <div class='ocr_page' id='page_1' title='image "./historiaromanaex00velluoft_0510.png"; bbox 0 0 2008 3210; ppageno 0'>
   <div class='ocr_carea' id='block_1_1' title="bbox 359 217 1397 260">
    <p class='ocr_par' dir='ltr' id='par_1_1' title="bbox 359 217 1397 260">
     <span class='ocr_line' id='line_1_1' title="bbox 359 217 1397 260; baseline -0.002 -2"><span class='ocrx_word' id='word_1_1' title='bbox 359 217 446 260; x_wconf 71' lang='lat'>498</span> <span class='ocrx_word' id='word_1_2' title='bbox 808 224 1071 259; x_wconf 67' lang='lat' dir='ltr'>ascensus</span> <span class='ocrx_word' id='word_1_3' title='bbox 1089 226 1397 258; x_wconf 68' lang='grc' dir='ltr'>-ΕυιτιοΝυΜ</span> 
     </span>
    </p>
   </div>
   <div class='ocr_carea' id='block_1_2' title="bbox 343 325 1848 767">
    <p class='ocr_par' dir='ltr' id='par_1_2' title="bbox 343 325 1848 767">
     <span class='ocr_line' id='line_1_2' title="bbox 415 325 1846 379; baseline 0 -12"><span class='ocrx_word' id='word_1_4' title='bbox 415 342 559 374; x_wconf 87' lang='lat' dir='ltr'>remus,</span> <span class='ocrx_word' id='word_1_5' title='bbox 579 327 759 379; x_wconf 83' lang='lat' dir='ltr'>adeoque</span> <span class='ocrx_word' id='word_1_6' title='bbox 780 332 946 372; x_wconf 82' lang='lat' dir='ltr'>textum,</span> <span class='ocrx_word' id='word_1_7' title='bbox 968 332 1161 378; x_wconf 82' lang='lat' dir='ltr'>quantum</span> <span class='ocrx_word' id='word_1_8' title='bbox 1181 325 1266 365; x_wconf 83' lang='lat' dir='ltr'>fieri</span> <span class='ocrx_word' id='word_1_9' title='bbox 1286 331 1455 377; x_wconf 84' lang='lat' dir='ltr'>poterat,</span> <span class='ocrx_word' id='word_1_10' title='bbox 1474 339 1594 378; x_wconf 88' lang='lat' dir='ltr'>quam</span> <span class='ocrx_word' id='word_1_11' title='bbox 1614 326 1846 368; x_wconf 78' lang='lat' dir='ltr'>emendatis·</span> 
     </span>
     <span class='ocr_line' id='line_1_3' title="bbox 415 391 1846 440; baseline 0 -8"><span class='ocrx_word' id='word_1_12' title='bbox 415 394 554 432; x_wconf 87' lang='lat' dir='ltr'>simum</span> <span class='ocrx_word' id='word_1_13' title='bbox 574 392 850 432; x_wconf 82' lang='lat' dir='ltr'>exhiberemus</span> <span class='ocrx_word' id='word_1_14' title='bbox 869 405 880 437; x_wconf 83' lang='lat'>;</span> <span class='ocrx_word' id='word_1_15' title='bbox 911 391 979 430; x_wconf 88' lang='lat' dir='ltr'>sed</span> <span class='ocrx_word' id='word_1_16' title='bbox 1012 391 1133 430; x_wconf 88' lang='lat' dir='ltr'>etiam</span> <span class='ocrx_word' id='word_1_17' title='bbox 1160 397 1272 431; x_wconf 80' lang='lat' dir='ltr'>notas</span> <span class='ocrx_word' id='word_1_18' title='bbox 1301 392 1361 431; x_wconf 91' lang='lat' dir='ltr'>vel</span> <span class='ocrx_word' id='word_1_19' title='bbox 1386 392 1557 440; x_wconf 86' lang='lat' dir='ltr'>criticas,</span> <span class='ocrx_word' id='word_1_20' title='bbox 1576 392 1637 431; x_wconf 90' lang='lat' dir='ltr'>vel</span> <span class='ocrx_word' id='word_1_21' title='bbox 1657 392 1708 432; x_wconf 85' lang='lat' dir='ltr'>ad</span> <span class='ocrx_word' id='word_1_22' title='bbox 1729 392 1846 433; x_wconf 87' lang='lat' dir='ltr'>inter-</span> 
     </span>
     <span class='ocr_line' id='line_1_4' title="bbox 415 456 1848 510; baseline 0 -13"><span class='ocrx_word' id='word_1_23' title='bbox 415 458 672 510; x_wconf 74' lang='lat' dir='ltr'><strong>pretationem</strong></span> <span class='ocrx_word' id='word_1_24' title='bbox 690 457 944 509; x_wconf 83' lang='lat' dir='ltr'>pertinentes,</span> <span class='ocrx_word' id='word_1_25' title='bbox 962 456 1129 495; x_wconf 86' lang='lat' dir='ltr'>subinde</span> <span class='ocrx_word' id='word_1_26' title='bbox 1143 469 1454 508; x_wconf 81' lang='lat' dir='ltr'>excerperemus,</span> <span class='ocrx_word' id='word_1_27' title='bbox 1474 457 1730 509; x_wconf 78' lang='lat' dir='ltr'>iudicemque</span> <span class='ocrx_word' id='word_1_28' title='bbox 1745 457 1848 510; x_wconf 83' lang='lat' dir='ltr'>glos·</span> 
     </span>
     <span class='ocr_line' id='line_1_5' title="bbox 415 520 1844 574; baseline -0.001 -13"><span class='ocrx_word' id='word_1_29' title='bbox 415 528 557 570; x_wconf 82' lang='lat' dir='ltr'>satum,</span> <span class='ocrx_word' id='word_1_30' title='bbox 580 523 735 574; x_wconf 90' lang='lat' dir='ltr'>qualem</span> <span class='ocrx_word' id='word_1_31' title='bbox 760 521 838 561; x_wconf 89' lang='lat' dir='ltr'>fere</span> <span class='ocrx_word' id='word_1_32' title='bbox 858 520 969 560; x_wconf 87' lang='lat' dir='ltr'>dedit</span> <span class='ocrx_word' id='word_1_33' title='bbox 990 521 1198 568; x_wconf 86' lang='lat' dir='ltr'>Krausius,</span> <span class='ocrx_word' id='word_1_34' title='bbox 1234 522 1272 560; x_wconf 88' lang='lat' dir='ltr'>in</span> <span class='ocrx_word' id='word_1_35' title='bbox 1305 535 1553 562; x_wconf 88' lang='lat' dir='ltr'>communem</span> <span class='ocrx_word' id='word_1_36' title='bbox 1583 522 1844 562; x_wconf 86' lang='lat' dir='ltr'>studiosorum</span> 
     </span>
     <span class='ocr_line' id='line_1_6' title="bbox 343 585 1846 638; baseline 0.001 -13"><span class='ocrx_word' id='word_1_37' title='bbox 343 623 345 625; x_wconf 8' lang='lat' dir='ltr'>a</span> <span class='ocrx_word' id='word_1_38' title='bbox 415 588 640 633; x_wconf 79' lang='lat' dir='ltr'>utilitatem,</span> <span class='ocrx_word' id='word_1_39' title='bbox 663 588 726 626; x_wconf 86' lang='lat' dir='ltr'>cui</span> <span class='ocrx_word' id='word_1_40' title='bbox 748 586 919 638; x_wconf 85' lang='lat' dir='ltr'>quisque</span> <span class='ocrx_word' id='word_1_41' title='bbox 953 586 1034 624; x_wconf 88' lang='lat' dir='ltr'>sine</span> <span class='ocrx_word' id='word_1_42' title='bbox 1066 585 1212 624; x_wconf 88' lang='lat' dir='ltr'>invidia</span> <span class='ocrx_word' id='word_1_43' title='bbox 1243 586 1448 626; x_wconf 83' lang='lat' dir='ltr'>consulere</span> <span class='ocrx_word' id='word_1_44' title='bbox 1468 593 1636 634; x_wconf 89' lang='lat' dir='ltr'>tenetur,</span> <span class='ocrx_word' id='word_1_45' title='bbox 1656 586 1846 638; x_wconf 85' lang='lat' dir='ltr'>adjicere-</span> 
     </span>
     <span class='ocr_line' id='line_1_7' title="bbox 414 649 1844 703; baseline -0.001 -13"><span class='ocrx_word' id='word_1_46' title='bbox 414 666 511 692; x_wconf 85' lang='lat' dir='ltr'>mus.</span> <span class='ocrx_word' id='word_1_47' title='bbox 544 653 625 698; x_wconf 84' lang='lat' dir='ltr'>Qui</span> <span class='ocrx_word' id='word_1_48' title='bbox 645 652 870 703; x_wconf 88' lang='lat' dir='ltr'>ampliorem</span> <span class='ocrx_word' id='word_1_49' title='bbox 891 649 1230 696; x_wconf 82' lang='lat' dir='ltr'>commentarium,</span> <span class='ocrx_word' id='word_1_50' title='bbox 1250 650 1427 690; x_wconf 81' lang='lat' dir='ltr'>inrebus</span> <span class='ocrx_word' id='word_1_51' title='bbox 1446 652 1616 691; x_wconf 82' lang='lat' dir='ltr'>maxime</span> <span class='ocrx_word' id='word_1_52' title='bbox 1636 650 1844 695; x_wconf 80' lang='lat' dir='ltr'>historicis,</span> 
     </span>
     <span class='ocr_line' id='line_1_8' title="bbox 415 713 1654 767; baseline -0.002 -11"><span class='ocrx_word' id='word_1_53' title='bbox 415 717 712 763; x_wconf 84' lang='lat' dir='ltr'>desiderabunt,</span> <span class='ocrx_word' id='word_1_54' title='bbox 733 717 779 756; x_wconf 89' lang='lat' dir='ltr'>iis</span> <span class='ocrx_word' id='word_1_55' title='bbox 801 715 916 755; x_wconf 84' lang='lat' dir='ltr'>facile</span> <span class='ocrx_word' id='word_1_56' title='bbox 938 713 1154 754; x_wconf 80' lang='lat' dir='ltr'>satisfaciet</span> <span class='ocrx_word' id='word_1_57' title='bbox 1173 714 1237 753; x_wconf 85' lang='lat' dir='ltr'>ed.</span> <span class='ocrx_word' id='word_1_58' title='bbox 1258 714 1472 754; x_wconf 87' lang='lat' dir='ltr'>Krausiana</span> <span class='ocrx_word' id='word_1_59' title='bbox 1493 715 1654 767; x_wconf 64' lang='lat' dir='ltr'>major]</span> 
     </span>
    </p>
   </div>
   <div class='ocr_carea' id='block_1_3' title="bbox 318 968 1848 2846">
    <p class='ocr_par' dir='ltr' id='par_1_3' title="bbox 357 968 1848 2260">
     <span class='ocr_line' id='line_1_9' title="bbox 414 968 1847 1024; baseline -0.003 -12"><span class='ocrx_word' id='word_1_60' title='bbox 414 973 600 1024; x_wconf 88' lang='lat' dir='ltr'>Denique</span> <span class='ocrx_word' id='word_1_61' title='bbox 636 977 729 1011; x_wconf 88' lang='lat' dir='ltr'>sunt</span> <span class='ocrx_word' id='word_1_62' title='bbox 760 971 830 1009; x_wconf 86' lang='lat' dir='ltr'>viri</span> <span class='ocrx_word' id='word_1_63' title='bbox 861 971 986 1017; x_wconf 85' lang='lat' dir='ltr'>docti,</span> <span class='ocrx_word' id='word_1_64' title='bbox 1011 970 1080 1021; x_wconf 86' lang='lat' dir='ltr'>qui</span> <span class='ocrx_word' id='word_1_65' title='bbox 1101 968 1492 1008; x_wconf 83' lang='lat' dir='ltr'>Animadversionum</span> <span class='ocrx_word' id='word_1_66' title='bbox 1513 968 1666 1016; x_wconf 79' lang='lat' dir='ltr'>libellis,</span> <span class='ocrx_word' id='word_1_67' title='bbox 1688 969 1751 1009; x_wconf 85' lang='lat' dir='ltr'>vel</span> <span class='ocrx_word' id='word_1_68' title='bbox 1769 969 1847 1008; x_wconf 85' lang='lat' dir='ltr'>sin-</span> 
     </span>
     <span class='ocr_line' id='line_1_10' title="bbox 358 1034 1845 1088; baseline -0.002 -13"><span class='ocrx_word' id='word_1_69' title='bbox 358 1037 522 1088; x_wconf 85' lang='lat' dir='ltr'>gulatim</span> <span class='ocrx_word' id='word_1_70' title='bbox 541 1037 580 1077; x_wconf 91' lang='lat' dir='ltr'>in</span> <span class='ocrx_word' id='word_1_71' title='bbox 599 1037 806 1084; x_wconf 85' lang='lat' dir='ltr'>Velleium,</span> <span class='ocrx_word' id='word_1_72' title='bbox 838 1036 898 1075; x_wconf 82' lang='lat' dir='ltr'>vel</span> <span class='ocrx_word' id='word_1_73' title='bbox 931 1035 968 1074; x_wconf 92' lang='lat' dir='ltr'>in</span> <span class='ocrx_word' id='word_1_74' title='bbox 1000 1035 1125 1074; x_wconf 88' lang='lat' dir='ltr'>varios</span> <span class='ocrx_word' id='word_1_75' title='bbox 1150 1040 1332 1073; x_wconf 83' lang='lat' dir='ltr'>auctores</span> <span class='ocrx_word' id='word_1_76' title='bbox 1353 1034 1603 1085; x_wconf 84' lang='lat' dir='ltr'>conscriptis,</span> <span class='ocrx_word' id='word_1_77' title='bbox 1624 1034 1674 1073; x_wconf 90' lang='lat' dir='ltr'>de</span> <span class='ocrx_word' id='word_1_78' title='bbox 1694 1034 1845 1074; x_wconf 74' lang='lat' dir='ltr'>Nostro</span> 
     </span>
     <span class='ocr_line' id='line_1_11' title="bbox 360 1099 1848 1152; baseline -0.002 -11"><span class='ocrx_word' id='word_1_79' title='bbox 360 1102 489 1142; x_wconf 87' lang='lat' dir='ltr'>meriti</span> <span class='ocrx_word' id='word_1_80' title='bbox 509 1109 614 1142; x_wconf 91' lang='lat' dir='ltr'>sunt.</span> <span class='ocrx_word' id='word_1_81' title='bbox 673 1103 731 1142; x_wconf 86' lang='lat' dir='ltr'>Ex</span> <span class='ocrx_word' id='word_1_82' title='bbox 765 1102 919 1140; x_wconf 88' lang='lat' dir='ltr'>illorum</span> <span class='ocrx_word' id='word_1_83' title='bbox 951 1113 1115 1139; x_wconf 89' lang='lat' dir='ltr'>numero</span> <span class='ocrx_word' id='word_1_84' title='bbox 1149 1105 1241 1139; x_wconf 88' lang='lat' dir='ltr'>sunt</span> <span class='ocrx_word' id='word_1_85' title='bbox 1271 1100 1438 1139; x_wconf 87' lang='lat' dir='ltr'>J0.Jac.</span> <span class='ocrx_word' id='word_1_86' title='bbox 1460 1099 1732 1152; x_wconf 86' lang='lat' dir='ltr'>Hottingerus,</span> <span class='ocrx_word' id='word_1_87' title='bbox 1750 1100 1848 1139; x_wconf 84' lang='lat' dir='ltr'>Pro-</span> 
     </span>
     <span class='ocr_line' id='line_1_12' title="bbox 359 1164 1845 1218; baseline -0.001 -13"><span class='ocrx_word' id='word_1_88' title='bbox 359 1167 482 1207; x_wconf 77' lang='lat' dir='ltr'>fessor</span> <span class='ocrx_word' id='word_1_89' title='bbox 500 1168 702 1207; x_wconf 86' lang='lat' dir='ltr'>literarum</span> <span class='ocrx_word' id='word_1_90' title='bbox 742 1167 1016 1206; x_wconf 83' lang='lat' dir='ltr'>humaniorum</span> <span class='ocrx_word' id='word_1_91' title='bbox 1046 1165 1155 1218; x_wconf 86' lang='lat' dir='ltr'>apud</span> <span class='ocrx_word' id='word_1_92' title='bbox 1183 1164 1424 1204; x_wconf 83' lang='lat' dir='ltr'>Turicenses</span> <span class='ocrx_word' id='word_1_93' title='bbox 1454 1165 1705 1212; x_wconf 84' lang='lat' dir='ltr'>clarissimus,</span> <span class='ocrx_word' id='word_1_94' title='bbox 1723 1166 1845 1205; x_wconf 14' lang='lat' dir='ltr'>etVJo.</span> 
     </span>
     <span class='ocr_line' id='line_1_13' title="bbox 358 1230 1844 1284; baseline -0.001 -14"><span class='ocrx_word' id='word_1_95' title='bbox 358 1233 462 1271; x_wconf 87' lang='lat' dir='ltr'>Frid.</span> <span class='ocrx_word' id='word_1_96' title='bbox 484 1233 680 1280; x_wconf 87' lang='lat' dir='ltr'>Herelius,</span> <span class='ocrx_word' id='word_1_97' title='bbox 701 1232 904 1272; x_wconf 87' lang='lat' dir='ltr'>Professor</span> <span class='ocrx_word' id='word_1_98' title='bbox 924 1230 1124 1284; x_wconf 88' lang='lat' dir='ltr'>quondam</span> <span class='ocrx_word' id='word_1_99' title='bbox 1154 1230 1408 1270; x_wconf 84' lang='lat' dir='ltr'>Erfurtensis.</span> <span class='ocrx_word' id='word_1_100' title='bbox 1467 1230 1727 1282; x_wconf 85' lang='lat' dir='ltr'>Hottingerus</span> <span class='ocrx_word' id='word_1_101' title='bbox 1742 1231 1844 1270; x_wconf 87' lang='lat' dir='ltr'>enim</span> 
     </span>
     <span class='ocr_line' id='line_1_14' title="bbox 359 1288 1846 1347; baseline -0.001 -11"><span class='ocrx_word' id='word_1_102' title='bbox 359 1288 553 1337; x_wconf 83' lang='lat' dir='ltr'>Libellum</span> <span class='ocrx_word' id='word_1_103' title='bbox 586 1297 967 1337; x_wconf 87' lang='lat' dir='ltr'>animadversionum</span> <span class='ocrx_word' id='word_1_104' title='bbox 988 1297 1027 1336; x_wconf 91' lang='lat' dir='ltr'>in</span> <span class='ocrx_word' id='word_1_105' title='bbox 1048 1296 1238 1336; x_wconf 85' lang='lat' dir='ltr'>Velleium</span> <span class='ocrx_word' id='word_1_106' title='bbox 1258 1295 1347 1335; x_wconf 90' lang='lat' dir='ltr'>inde</span> <span class='ocrx_word' id='word_1_107' title='bbox 1367 1296 1418 1335; x_wconf 88' lang='lat' dir='ltr'>ab</span> <span class='ocrx_word' id='word_1_108' title='bbox 1438 1295 1550 1335; x_wconf 85' lang='lat' dir='ltr'>initio</span> <span class='ocrx_word' id='word_1_109' title='bbox 1570 1309 1698 1347; x_wconf 85' lang='lat' dir='ltr'>usque</span> <span class='ocrx_word' id='word_1_110' title='bbox 1717 1295 1771 1336; x_wconf 82' lang='lat' dir='ltr'>ad</span> <span class='ocrx_word' id='word_1_111' title='bbox 1792 1305 1846 1335; x_wconf 83' lang='grc' dir='ltr'>Π.</span> 
     </span>
     <span class='ocr_line' id='line_1_15' title="bbox 359 1360 1845 1414; baseline -0.002 -11"><span class='ocrx_word' id='word_1_112' title='bbox 359 1362 425 1403; x_wconf 73' lang='lat'>26.</span> <span class='ocrx_word' id='word_1_113' title='bbox 447 1362 599 1414; x_wconf 88' lang='lat' dir='ltr'>publici</span> <span class='ocrx_word' id='word_1_114' title='bbox 616 1362 720 1413; x_wconf 88' lang='lat' dir='ltr'>juris</span> <span class='ocrx_word' id='word_1_115' title='bbox 740 1362 837 1402; x_wconf 82' lang='lat' dir='ltr'>fecit</span> <span class='ocrx_word' id='word_1_116' title='bbox 867 1364 905 1401; x_wconf 91' lang='lat' dir='ltr'>in</span> <span class='ocrx_word' id='word_1_117' title='bbox 940 1363 1085 1402; x_wconf 89' lang='lat' dir='ltr'>Museo</span> <span class='ocrx_word' id='word_1_118' title='bbox 1113 1360 1326 1401; x_wconf 87' lang='lat' dir='ltr'>Turicensi</span> <span class='ocrx_word' id='word_1_119' title='bbox 1350 1366 1467 1406; x_wconf 83' lang='lat'>1782.</span> <span class='ocrx_word' id='word_1_120' title='bbox 1497 1360 1584 1400; x_wconf 91' lang='lat' dir='ltr'>Vol.</span> <span class='ocrx_word' id='word_1_121' title='bbox 1606 1371 1637 1400; x_wconf 87' lang='lat'>1.</span> <span class='ocrx_word' id='word_1_122' title='bbox 1666 1361 1845 1403; x_wconf 66' lang='lat' dir='ltr'>Toum-2.</span> 
     </span>
     <span class='ocr_line' id='line_1_16' title="bbox 357 1426 1847 1480; baseline -0.001 -13"><span class='ocrx_word' id='word_1_123' title='bbox 357 1440 447 1480; x_wconf 85' lang='lat' dir='ltr'>pag.</span> <span class='ocrx_word' id='word_1_124' title='bbox 468 1427 699 1476; x_wconf 80' lang='lat'>349-363.</span> <span class='ocrx_word' id='word_1_125' title='bbox 720 1427 838 1468; x_wconf 86' lang='lat' dir='ltr'>crisin</span> <span class='ocrx_word' id='word_1_126' title='bbox 859 1427 1110 1467; x_wconf 70' lang='lat' dir='ltr'>exhibentem</span> <span class='ocrx_word' id='word_1_127' title='bbox 1132 1439 1223 1466; x_wconf 85' lang='lat' dir='ltr'>sane</span> <span class='ocrx_word' id='word_1_128' title='bbox 1243 1426 1420 1474; x_wconf 84' lang='lat' dir='ltr'>doctam,</span> <span class='ocrx_word' id='word_1_129' title='bbox 1442 1431 1684 1475; x_wconf 81' lang='lat' dir='ltr'>accuratam,</span> <span class='ocrx_word' id='word_1_130' title='bbox 1703 1432 1745 1466; x_wconf 89' lang='lat' dir='ltr'>et</span> <span class='ocrx_word' id='word_1_131' title='bbox 1761 1439 1847 1466; x_wconf 89' lang='lat' dir='ltr'>mo-</span> 
     </span>
     <span class='ocr_line' id='line_1_17' title="bbox 358 1491 1846 1546; baseline 0 -14"><span class='ocrx_word' id='word_1_132' title='bbox 358 1494 524 1540; x_wconf 87' lang='lat' dir='ltr'>destam,</span> <span class='ocrx_word' id='word_1_133' title='bbox 560 1493 727 1546; x_wconf 85' lang='lat' dir='ltr'>vestigia</span> <span class='ocrx_word' id='word_1_134' title='bbox 761 1493 851 1532; x_wconf 89' lang='lat' dir='ltr'>libri</span> <span class='ocrx_word' id='word_1_135' title='bbox 885 1492 1027 1532; x_wconf 86' lang='lat' dir='ltr'>vetusti</span> <span class='ocrx_word' id='word_1_136' title='bbox 1058 1498 1315 1543; x_wconf 88' lang='lat' dir='ltr'>prementem.</span> <span class='ocrx_word' id='word_1_137' title='bbox 1373 1492 1523 1531; x_wconf 85' lang='lat' dir='ltr'>Praeter</span> <span class='ocrx_word' id='word_1_138' title='bbox 1551 1491 1622 1530; x_wconf 88' lang='lat' dir='ltr'>has</span> <span class='ocrx_word' id='word_1_139' title='bbox 1655 1491 1757 1531; x_wconf 84' lang='lat' dir='ltr'>idem</span> <span class='ocrx_word' id='word_1_140' title='bbox 1786 1491 1846 1532; x_wconf 88' lang='lat' dir='ltr'>vir</span> 
     </span>
     <span class='ocr_line' id='line_1_18' title="bbox 358 1556 1847 1608; baseline -0.002 -8"><span class='ocrx_word' id='word_1_141' title='bbox 358 1557 503 1600; x_wconf 77' lang='lat' dir='ltr'>doctus</span> <span class='ocrx_word' id='word_1_142' title='bbox 536 1558 631 1598; x_wconf 88' lang='lat' dir='ltr'>alias</span> <span class='ocrx_word' id='word_1_143' title='bbox 662 1558 826 1598; x_wconf 86' lang='lat' dir='ltr'>ineditas</span> <span class='ocrx_word' id='word_1_144' title='bbox 857 1558 1161 1597; x_wconf 85' lang='lat' dir='ltr'>communicavit</span> <span class='ocrx_word' id='word_1_145' title='bbox 1187 1571 1279 1597; x_wconf 91' lang='lat' dir='ltr'>cum</span> <span class='ocrx_word' id='word_1_146' title='bbox 1313 1557 1486 1603; x_wconf 83' lang='lat' dir='ltr'>Herelio,</span> <span class='ocrx_word' id='word_1_147' title='bbox 1507 1556 1576 1608; x_wconf 87' lang='lat' dir='ltr'>qui</span> <span class='ocrx_word' id='word_1_148' title='bbox 1593 1569 1659 1596; x_wconf 84' lang='lat' dir='ltr'>eas</span> <span class='ocrx_word' id='word_1_149' title='bbox 1679 1557 1847 1598; x_wconf 83' lang='lat' dir='ltr'>intexuit</span> 
     </span>
     <span class='ocr_line' id='line_1_19' title="bbox 359 1620 1847 1675; baseline 0 -13"><span class='ocrx_word' id='word_1_150' title='bbox 359 1623 507 1674; x_wconf 81' lang='lat' dir='ltr'>partim</span> <span class='ocrx_word' id='word_1_151' title='bbox 527 1623 608 1662; x_wconf 86' lang='lat' dir='ltr'>suis</span> <span class='ocrx_word' id='word_1_152' title='bbox 626 1622 958 1664; x_wconf 85' lang='lat' dir='ltr'>Annotationibus</span> <span class='ocrx_word' id='word_1_153' title='bbox 978 1623 1138 1669; x_wconf 89' lang='lat' dir='ltr'>criticis,</span> <span class='ocrx_word' id='word_1_154' title='bbox 1160 1622 1211 1662; x_wconf 90' lang='lat' dir='ltr'>de</span> <span class='ocrx_word' id='word_1_155' title='bbox 1232 1622 1378 1674; x_wconf 84' lang='lat' dir='ltr'>quibus</span> <span class='ocrx_word' id='word_1_156' title='bbox 1400 1635 1490 1661; x_wconf 86' lang='lat' dir='ltr'>mox</span> <span class='ocrx_word' id='word_1_157' title='bbox 1509 1620 1738 1670; x_wconf 68' lang='lat' dir='ltr'>dicendum,</span> <span class='ocrx_word' id='word_1_158' title='bbox 1756 1634 1847 1675; x_wconf 78' lang='lat' dir='ltr'>par-</span> 
     </span>
     <span class='ocr_line' id='line_1_20' title="bbox 357 1686 1846 1740; baseline 0.001 -15"><span class='ocrx_word' id='word_1_159' title='bbox 357 1687 427 1726; x_wconf 87' lang='lat' dir='ltr'>tim</span> <span class='ocrx_word' id='word_1_160' title='bbox 448 1688 498 1727; x_wconf 90' lang='lat' dir='ltr'>ad</span> <span class='ocrx_word' id='word_1_161' title='bbox 520 1701 581 1727; x_wconf 87' lang='lat' dir='ltr'>me</span> <span class='ocrx_word' id='word_1_162' title='bbox 611 1701 752 1727; x_wconf 87' lang='lat' dir='ltr'>novam</span> <span class='ocrx_word' id='word_1_163' title='bbox 787 1687 1001 1727; x_wconf 87' lang='lat' dir='ltr'>editionem</span> <span class='ocrx_word' id='word_1_164' title='bbox 1033 1694 1239 1740; x_wconf 79' lang='lat' dir='ltr'>parantem</span> <span class='ocrx_word' id='word_1_165' title='bbox 1276 1686 1517 1732; x_wconf 84' lang='lat' dir='ltr'>transmisit;</span> <span class='ocrx_word' id='word_1_166' title='bbox 1548 1700 1715 1739; x_wconf 82' lang='lat' dir='ltr'>quarum</span> <span class='ocrx_word' id='word_1_167' title='bbox 1745 1689 1846 1728; x_wconf 82' lang='lat' dir='ltr'>ratio</span> 
     </span>
     <span class='ocr_line' id='line_1_21' title="bbox 360 1741 1846 1804; baseline 0.002 -14"><span class='ocrx_word' id='word_1_168' title='bbox 360 1751 495 1792; x_wconf 86' lang='lat' dir='ltr'>habita</span> <span class='ocrx_word' id='word_1_169' title='bbox 514 1758 572 1792; x_wconf 83' lang='lat' dir='ltr'>est</span> <span class='ocrx_word' id='word_1_170' title='bbox 592 1753 672 1792; x_wconf 89' lang='lat' dir='ltr'>suis</span> <span class='ocrx_word' id='word_1_171' title='bbox 692 1753 789 1792; x_wconf 89' lang='lat' dir='ltr'>locis</span> <span class='ocrx_word' id='word_1_172' title='bbox 809 1753 846 1792; x_wconf 91' lang='lat' dir='ltr'>in</span> <span class='ocrx_word' id='word_1_173' title='bbox 868 1753 1046 1793; x_wconf 83' lang='lat' dir='ltr'>editione</span> <span class='ocrx_word' id='word_1_174' title='bbox 1066 1766 1152 1792; x_wconf 89' lang='lat' dir='ltr'>mea</span> <span class='ocrx_word' id='word_1_175' title='bbox 1172 1752 1366 1804; x_wconf 89' lang='lat' dir='ltr'>Lipsiensi</span> <span class='ocrx_word' id='word_1_176' title='bbox 1389 1741 1505 1792; x_wconf 73' lang='lat'>1800.</span> <span class='ocrx_word' id='word_1_177' title='bbox 1535 1753 1648 1794; x_wconf 83' lang='lat' dir='ltr'>Alter</span> <span class='ocrx_word' id='word_1_178' title='bbox 1661 1754 1846 1794; x_wconf 86' lang='lat' dir='ltr'>Herelius</span> 
     </span>
     <span class='ocr_line' id='line_1_22' title="bbox 361 1817 1847 1870; baseline 0.002 -15"><span class='ocrx_word' id='word_1_179' title='bbox 361 1817 529 1867; x_wconf 87' lang='lat' dir='ltr'>primum</span> <span class='ocrx_word' id='word_1_180' title='bbox 549 1817 746 1856; x_wconf 86' lang='lat' dir='ltr'>ediderat:</span> <span class='ocrx_word' id='word_1_181' title='bbox 779 1818 982 1858; x_wconf 87' lang='lat' dir='ltr'>Kritische</span> <span class='ocrx_word' id='word_1_182' title='bbox 1015 1818 1353 1870; x_wconf 81' lang='lat' dir='ltr'>Beobachtungen</span> <span class='ocrx_word' id='word_1_183' title='bbox 1372 1818 1473 1857; x_wconf 81' lang='lat' dir='ltr'>iiber</span> <span class='ocrx_word' id='word_1_184' title='bbox 1505 1817 1568 1857; x_wconf 85' lang='lat' dir='ltr'>die</span> <span class='ocrx_word' id='word_1_185' title='bbox 1601 1819 1740 1859; x_wconf 84' lang='lat' dir='ltr'>Roem.</span> <span class='ocrx_word' id='word_1_186' title='bbox 1761 1820 1847 1858; x_wconf 84' lang='lat' dir='ltr'>Ge-</span> 
     </span>
     <span class='ocr_line' id='line_1_23' title="bbox 361 1881 1846 1930; baseline 0.003 -11"><span class='ocrx_word' id='word_1_187' title='bbox 361 1881 540 1921; x_wconf 85' lang='lat' dir='ltr'>schichte</span> <span class='ocrx_word' id='word_1_188' title='bbox 554 1882 626 1921; x_wconf 88' lang='lat' dir='ltr'>des</span> <span class='ocrx_word' id='word_1_189' title='bbox 641 1883 825 1922; x_wconf 88' lang='lat' dir='ltr'>Velleius.</span> <span class='ocrx_word' id='word_1_190' title='bbox 845 1882 996 1922; x_wconf 87' lang='lat' dir='ltr'>Erfurt.</span> <span class='ocrx_word' id='word_1_191' title='bbox 1012 1889 1129 1930; x_wconf 87' lang='lat'>1791.</span> <span class='ocrx_word' id='word_1_192' title='bbox 1154 1890 1194 1923; x_wconf 77' lang='lat'>4.</span> <span class='ocrx_word' id='word_1_193' title='bbox 1226 1883 1344 1922; x_wconf 90' lang='lat' dir='ltr'>Hunc</span> <span class='ocrx_word' id='word_1_194' title='bbox 1364 1882 1520 1930; x_wconf 87' lang='lat' dir='ltr'>librum,</span> <span class='ocrx_word' id='word_1_195' title='bbox 1537 1881 1681 1923; x_wconf 80' lang='lat' dir='ltr'>deinde</span> <span class='ocrx_word' id='word_1_196' title='bbox 1699 1889 1846 1924; x_wconf 76' lang='lat' dir='ltr'>retrae-</span> 
     </span>
     <span class='ocr_line' id='line_1_24' title="bbox 360 1946 1846 2000; baseline 0.001 -16"><span class='ocrx_word' id='word_1_197' title='bbox 360 1951 504 1993; x_wconf 81' lang='lat' dir='ltr'>tatum,</span> <span class='ocrx_word' id='word_1_198' title='bbox 523 1953 574 1994; x_wconf 87' lang='lat' dir='ltr'>et,</span> <span class='ocrx_word' id='word_1_199' title='bbox 591 1946 692 1986; x_wconf 87' lang='lat' dir='ltr'>locis</span> <span class='ocrx_word' id='word_1_200' title='bbox 708 1946 840 1986; x_wconf 91' lang='lat' dir='ltr'>dubiis</span> <span class='ocrx_word' id='word_1_201' title='bbox 852 1953 891 1985; x_wconf 89' lang='lat' dir='ltr'>et</span> <span class='ocrx_word' id='word_1_202' title='bbox 907 1948 1104 2000; x_wconf 87' lang='lat' dir='ltr'>suspectis</span> <span class='ocrx_word' id='word_1_203' title='bbox 1117 1961 1187 1999; x_wconf 90' lang='lat' dir='ltr'>per</span> <span class='ocrx_word' id='word_1_204' title='bbox 1199 1953 1329 1987; x_wconf 89' lang='lat' dir='ltr'>totum</span> <span class='ocrx_word' id='word_1_205' title='bbox 1349 1948 1581 1999; x_wconf 83' lang='lat' dir='ltr'>scriptorem</span> <span class='ocrx_word' id='word_1_206' title='bbox 1593 1947 1668 1988; x_wconf 90' lang='lat' dir='ltr'>sub</span> <span class='ocrx_word' id='word_1_207' title='bbox 1682 1960 1846 1988; x_wconf 81' lang='lat' dir='ltr'>examen</span> 
     </span>
     <span class='ocr_line' id='line_1_25' title="bbox 359 2011 1845 2062; baseline 0.002 -13"><span class='ocrx_word' id='word_1_208' title='bbox 359 2012 509 2051; x_wconf 81' lang='lat' dir='ltr'>vocatis</span> <span class='ocrx_word' id='word_1_209' title='bbox 534 2019 574 2051; x_wconf 87' lang='lat' dir='ltr'>et</span> <span class='ocrx_word' id='word_1_210' title='bbox 606 2011 836 2062; x_wconf 86' lang='lat' dir='ltr'>conjectura</span> <span class='ocrx_word' id='word_1_211' title='bbox 870 2012 1044 2058; x_wconf 81' lang='lat' dir='ltr'>tentatis,</span> <span class='ocrx_word' id='word_1_212' title='bbox 1077 2018 1254 2059; x_wconf 85' lang='lat' dir='ltr'>auctum,</span> <span class='ocrx_word' id='word_1_213' title='bbox 1290 2011 1365 2051; x_wconf 89' lang='lat' dir='ltr'>sub</span> <span class='ocrx_word' id='word_1_214' title='bbox 1384 2011 1514 2052; x_wconf 91' lang='lat' dir='ltr'>indice</span> <span class='ocrx_word' id='word_1_215' title='bbox 1536 2011 1845 2053; x_wconf 82' lang='lat' dir='ltr'>Annotationum</span> 
     </span>
     <span class='ocr_line' id='line_1_26' title="bbox 362 2076 1844 2131; baseline 0.001 -16"><span class='ocrx_word' id='word_1_216' title='bbox 362 2077 587 2115; x_wconf 87' lang='lat' dir='ltr'>criticarum</span> <span class='ocrx_word' id='word_1_217' title='bbox 618 2077 669 2116; x_wconf 89' lang='lat' dir='ltr'>ad</span> <span class='ocrx_word' id='word_1_218' title='bbox 706 2076 912 2124; x_wconf 86' lang='lat' dir='ltr'>Velleinm,</span> <span class='ocrx_word' id='word_1_219' title='bbox 947 2078 995 2116; x_wconf 84' lang='lat' dir='ltr'>ad</span> <span class='ocrx_word' id='word_1_220' title='bbox 1024 2077 1177 2117; x_wconf 87' lang='lat' dir='ltr'>calcem</span> <span class='ocrx_word' id='word_1_221' title='bbox 1212 2076 1394 2117; x_wconf 88' lang='lat' dir='ltr'>editionis</span> <span class='ocrx_word' id='word_1_222' title='bbox 1420 2084 1562 2118; x_wconf 78' lang='lat' dir='ltr'>nostrae</span> <span class='ocrx_word' id='word_1_223' title='bbox 1581 2078 1844 2131; x_wconf 76' lang='lat' dir='ltr'>evulgandum</span> 
     </span>
     <span class='ocr_line' id='line_1_27' title="bbox 360 2142 1845 2195; baseline 0.002 -15"><span class='ocrx_word' id='word_1_224' title='bbox 360 2142 558 2192; x_wconf 72' lang='lat' dir='ltr'>permisit3</span> <span class='ocrx_word' id='word_1_225' title='bbox 590 2156 671 2195; x_wconf 91' lang='lat' dir='ltr'>quo</span> <span class='ocrx_word' id='word_1_226' title='bbox 703 2155 797 2182; x_wconf 86' lang='lat' dir='ltr'>sane</span> <span class='ocrx_word' id='word_1_227' title='bbox 832 2142 986 2189; x_wconf 87' lang='lat' dir='ltr'>meruit,</span> <span class='ocrx_word' id='word_1_228' title='bbox 1024 2150 1067 2182; x_wconf 89' lang='lat' dir='ltr'>ut</span> <span class='ocrx_word' id='word_1_229' title='bbox 1096 2143 1195 2182; x_wconf 89' lang='lat' dir='ltr'>inter</span> <span class='ocrx_word' id='word_1_230' title='bbox 1222 2142 1495 2182; x_wconf 85' lang='lat' dir='ltr'>emendatores</span> <span class='ocrx_word' id='word_1_231' title='bbox 1512 2142 1651 2183; x_wconf 89' lang='lat' dir='ltr'>Velleii</span> <span class='ocrx_word' id='word_1_232' title='bbox 1669 2155 1845 2195; x_wconf 76' lang='lat' dir='ltr'>sagaces,</span> 
     </span>
     <span class='ocr_line' id='line_1_28' title="bbox 361 2206 1844 2260; baseline 0.002 -15"><span class='ocrx_word' id='word_1_233' title='bbox 361 2206 519 2255; x_wconf 87' lang='lat' dir='ltr'>doctos,</span> <span class='ocrx_word' id='word_1_234' title='bbox 540 2207 862 2247; x_wconf 83' lang='lat' dir='ltr'>familiarissimos</span> <span class='ocrx_word' id='word_1_235' title='bbox 883 2221 972 2247; x_wconf 89' lang='lat' dir='ltr'>cum</span> <span class='ocrx_word' id='word_1_236' title='bbox 994 2214 1158 2248; x_wconf 88' lang='lat' dir='ltr'>auctore</span> <span class='ocrx_word' id='word_1_237' title='bbox 1180 2220 1264 2256; x_wconf 87' lang='lat' dir='ltr'>suo,</span> <span class='ocrx_word' id='word_1_238' title='bbox 1285 2214 1325 2251; x_wconf 82' lang='lat' dir='ltr'>et</span> <span class='ocrx_word' id='word_1_239' title='bbox 1346 2208 1545 2260; x_wconf 82' lang='lat' dir='ltr'>elegantes</span> <span class='ocrx_word' id='word_1_240' title='bbox 1563 2214 1844 2248; x_wconf 82' lang='lat' dir='ltr'>numeraretur.</span> 
     </span>
    </p>

    <p class='ocr_par' dir='ltr' id='par_1_4' title="bbox 318 2273 1847 2846">
     <span class='ocr_line' id='line_1_29' title="bbox 418 2273 1846 2325; baseline 0.002 -13"><span class='ocrx_word' id='word_1_241' title='bbox 418 2274 464 2312; x_wconf 89' lang='lat' dir='ltr'>In</span> <span class='ocrx_word' id='word_1_242' title='bbox 485 2273 818 2315; x_wconf 84' lang='lat' dir='ltr'>Observationum</span> <span class='ocrx_word' id='word_1_243' title='bbox 839 2273 1063 2313; x_wconf 86' lang='lat' dir='ltr'>criticarum</span> <span class='ocrx_word' id='word_1_244' title='bbox 1083 2274 1121 2312; x_wconf 92' lang='lat' dir='ltr'>in</span> <span class='ocrx_word' id='word_1_245' title='bbox 1143 2274 1269 2313; x_wconf 86' lang='lat' dir='ltr'>varios</span> <span class='ocrx_word' id='word_1_246' title='bbox 1288 2273 1498 2325; x_wconf 85' lang='lat' dir='ltr'>scriptores</span> <span class='ocrx_word' id='word_1_247' title='bbox 1509 2273 1656 2313; x_wconf 84' lang='lat' dir='ltr'>&#39;libellis</span> <span class='ocrx_word' id='word_1_248' title='bbox 1675 2274 1846 2315; x_wconf 79' lang='lat' dir='ltr'>alterum</span> 
     </span>
     <span class='ocr_line' id='line_1_30' title="bbox 360 2338 1846 2390; baseline 0.002 -14"><span class='ocrx_word' id='word_1_249' title='bbox 360 2338 572 2377; x_wconf 80' lang='lat' dir='ltr'>alterumve</span> <span class='ocrx_word' id='word_1_250' title='bbox 600 2338 740 2378; x_wconf 87' lang='lat' dir='ltr'>Velleii</span> <span class='ocrx_word' id='word_1_251' title='bbox 779 2339 912 2378; x_wconf 88' lang='lat' dir='ltr'>locum</span> <span class='ocrx_word' id='word_1_252' title='bbox 944 2345 1158 2387; x_wconf 89' lang='lat' dir='ltr'>tentarunt,</span> <span class='ocrx_word' id='word_1_253' title='bbox 1187 2339 1356 2390; x_wconf 82' lang='lat' dir='ltr'>primum</span> <span class='ocrx_word' id='word_1_254' title='bbox 1387 2339 1454 2379; x_wconf 90' lang='lat' dir='ltr'>Jo.</span> <span class='ocrx_word' id='word_1_255' title='bbox 1475 2338 1554 2378; x_wconf 84' lang='lat' dir='ltr'>Ad.</span> <span class='ocrx_word' id='word_1_256' title='bbox 1573 2338 1769 2379; x_wconf 82' lang='lat' dir='ltr'>Nodellus</span> <span class='ocrx_word' id='word_1_257' title='bbox 1805 2339 1846 2379; x_wconf 93' lang='lat' dir='ltr'>in</span> 
     </span>
     <span class='ocr_line' id='line_1_31' title="bbox 362 2402 1842 2458; baseline 0.003 -16"><span class='ocrx_word' id='word_1_258' title='bbox 362 2402 594 2442; x_wconf 65' lang='lat' dir='ltr'>Criti‘carum</span> <span class='ocrx_word' id='word_1_259' title='bbox 616 2402 953 2443; x_wconf 88' lang='lat' dir='ltr'>Observationum</span> <span class='ocrx_word' id='word_1_260' title='bbox 986 2403 1134 2451; x_wconf 88' lang='lat' dir='ltr'>libello,</span> <span class='ocrx_word' id='word_1_261' title='bbox 1165 2403 1329 2455; x_wconf 84' lang='lat' dir='ltr'>Campis</span> <span class='ocrx_word' id='word_1_262' title='bbox 1357 2408 1402 2449; x_wconf 83' lang='lat'>17</span> <span class='ocrx_word' id='word_1_263' title='bbox 1407 2410 1470 2445; x_wconf 84' lang='lat'>81.</span> <span class='ocrx_word' id='word_1_264' title='bbox 1493 2403 1582 2456; x_wconf 78' lang='lat' dir='ltr'>cap.</span> <span class='ocrx_word' id='word_1_265' title='bbox 1604 2409 1645 2450; x_wconf 84' lang='grc'>7.</span> <span class='ocrx_word' id='word_1_266' title='bbox 1665 2417 1759 2458; x_wconf 83' lang='lat' dir='ltr'>pag.</span> <span class='ocrx_word' id='word_1_267' title='bbox 1775 2409 1842 2452; x_wconf 83' lang='lat'>79.</span> 
     </span>
     <span class='ocr_line' id='line_1_32' title="bbox 360 2467 1845 2519; baseline 0.003 -13"><span class='ocrx_word' id='word_1_268' title='bbox 360 2467 504 2507; x_wconf 88' lang='lat' dir='ltr'>deinde</span> <span class='ocrx_word' id='word_1_269' title='bbox 523 2467 717 2507; x_wconf 85' lang='lat' dir='ltr'>Everwin.</span> <span class='ocrx_word' id='word_1_270' title='bbox 746 2467 1067 2519; x_wconf 88' lang='lat' dir='ltr'>Wassenbergius</span> <span class='ocrx_word' id='word_1_271' title='bbox 1100 2469 1139 2507; x_wconf 89' lang='lat' dir='ltr'>in</span> <span class='ocrx_word' id='word_1_272' title='bbox 1166 2473 1177 2489; x_wconf 91' lang='lat'>‘</span> <span class='ocrx_word' id='word_1_273' title='bbox 1198 2468 1307 2508; x_wconf 89' lang='lat' dir='ltr'>Diss.</span> <span class='ocrx_word' id='word_1_274' title='bbox 1329 2469 1379 2508; x_wconf 90' lang='lat' dir='ltr'>de</span> <span class='ocrx_word' id='word_1_275' title='bbox 1398 2468 1622 2509; x_wconf 86' lang='lat' dir='ltr'>nominibus</span> <span class='ocrx_word' id='word_1_276' title='bbox 1641 2470 1845 2518; x_wconf 74' lang='lat' dir='ltr'>hominum</span> 
     </span>
     <span class='ocr_line' id='line_1_33' title="bbox 318 2533 1845 2586; baseline 0.004 -15"><span class='ocrx_word' id='word_1_277' title='bbox 318 2566 321 2570; x_wconf 79' lang='grc'><strong>,</strong></span> <span class='ocrx_word' id='word_1_278' title='bbox 360 2539 401 2573; x_wconf 83' lang='lat' dir='ltr'>et</span> <span class='ocrx_word' id='word_1_279' title='bbox 419 2534 595 2573; x_wconf 87' lang='lat' dir='ltr'>locorum</span> <span class='ocrx_word' id='word_1_280' title='bbox 615 2533 796 2585; x_wconf 88' lang='lat' dir='ltr'>propriis,</span> <span class='ocrx_word' id='word_1_281' title='bbox 818 2533 1061 2573; x_wconf 81' lang='lat' dir='ltr'>librariorum</span> <span class='ocrx_word' id='word_1_282' title='bbox 1094 2535 1212 2586; x_wconf 86' lang='lat' dir='ltr'>culpa</span> <span class='ocrx_word' id='word_1_283' title='bbox 1237 2535 1371 2574; x_wconf 88' lang='lat' dir='ltr'>aliisve</span> <span class='ocrx_word' id='word_1_284' title='bbox 1389 2534 1442 2575; x_wconf 87' lang='lat' dir='ltr'>de</span> <span class='ocrx_word' id='word_1_285' title='bbox 1460 2535 1652 2576; x_wconf 83' lang='lat' dir='ltr'>causis-in</span> <span class='ocrx_word' id='word_1_286' title='bbox 1671 2541 1845 2577; x_wconf 77' lang='lat' dir='ltr'>veterum</span> 
     </span>
     <span class='ocr_line' id='line_1_34' title="bbox 361 2597 1844 2654; baseline 0.003 -16"><span class='ocrx_word' id='word_1_287' title='bbox 361 2598 598 2650; x_wconf 88' lang='lat' dir='ltr'>scriptorum</span> <span class='ocrx_word' id='word_1_288' title='bbox 636 2597 745 2637; x_wconf 87' lang='lat' dir='ltr'>libris</span> <span class='ocrx_word' id='word_1_289' title='bbox 780 2597 1005 2651; x_wconf 84' lang='lat' dir='ltr'>frequenter</span> <span class='ocrx_word' id='word_1_290' title='bbox 1033 2599 1256 2640; x_wconf 86' lang='lat' dir='ltr'>obliteratis</span> <span class='ocrx_word' id='word_1_291' title='bbox 1284 2607 1355 2640; x_wconf 83' lang='lat' dir='ltr'>aut</span> <span class='ocrx_word' id='word_1_292' title='bbox 1387 2601 1559 2641; x_wconf 67' lang='lat' dir='ltr'>vitiatis:</span> <span class='ocrx_word' id='word_1_293' title='bbox 1586 2601 1844 2654; x_wconf 76' lang='lat' dir='ltr'>Franequeroe</span> 
     </span>
     <span class='ocr_line' id='line_1_35' title="bbox 363 2664 1842 2718; baseline 0.003 -16"><span class='ocrx_word' id='word_1_294' title='bbox 363 2669 482 2711; x_wconf 85' lang='grc'>1790.</span> <span class='ocrx_word' id='word_1_295' title='bbox 504 2670 543 2704; x_wconf 80' lang='lat'>4.</span> <span class='ocrx_word' id='word_1_296' title='bbox 562 2668 580 2713; x_wconf 63' lang='grc' dir='ltr'>ξ</span> <span class='ocrx_word' id='word_1_297' title='bbox 599 2670 666 2705; x_wconf 58' lang='lat'>224</span> <span class='ocrx_word' id='word_1_298' title='bbox 688 2669 768 2703; x_wconf 89' lang='lat' dir='ltr'>tum</span> <span class='ocrx_word' id='word_1_299' title='bbox 790 2665 853 2705; x_wconf 84' lang='lat' dir='ltr'>Jo.</span> <span class='ocrx_word' id='word_1_300' title='bbox 875 2664 1010 2704; x_wconf 88' lang='lat' dir='ltr'>Sterke</span> <span class='ocrx_word' id='word_1_301' title='bbox 1044 2664 1083 2704; x_wconf 87' lang='lat' dir='ltr'>iu</span> <span class='ocrx_word' id='word_1_302' title='bbox 1121 2665 1403 2718; x_wconf 89' lang='lat' dir='ltr'>Suspicionum</span> <span class='ocrx_word' id='word_1_303' title='bbox 1432 2665 1656 2708; x_wconf 68' lang='lat' dir='ltr'>criticorum</span> <span class='ocrx_word' id='word_1_304' title='bbox 1672 2666 1787 2718; x_wconf 81' lang='lat' dir='ltr'>Spec.</span> <span class='ocrx_word' id='word_1_305' title='bbox 1809 2677 1842 2707; x_wconf 89' lang='lat'>1.</span> 
     </span>
     <span class='ocr_line' id='line_1_36' title="bbox 360 2728 1843 2781; baseline 0.001 -14"><span class='ocrx_word' id='word_1_306' title='bbox 360 2742 452 2781; x_wconf 83' lang='lat' dir='ltr'>cap.</span> <span class='ocrx_word' id='word_1_307' title='bbox 472 2735 511 2771; x_wconf 86' lang='lat'>3.</span> <span class='ocrx_word' id='word_1_308' title='bbox 533 2728 639 2781; x_wconf 89' lang='lat' dir='ltr'>quod</span> <span class='ocrx_word' id='word_1_309' title='bbox 658 2729 844 2769; x_wconf 87' lang='lat' dir='ltr'>insertum</span> <span class='ocrx_word' id='word_1_310' title='bbox 865 2735 927 2770; x_wconf 86' lang='lat' dir='ltr'>est</span> <span class='ocrx_word' id='word_1_311' title='bbox 945 2729 1057 2770; x_wconf 82' lang='lat' dir='ltr'>Actis</span> <span class='ocrx_word' id='word_1_312' title='bbox 1089 2730 1167 2772; x_wconf 89' lang='lat' dir='ltr'>Lit.</span> <span class='ocrx_word' id='word_1_313' title='bbox 1205 2730 1414 2771; x_wconf 85' lang='lat' dir='ltr'>Societatis</span> <span class='ocrx_word' id='word_1_314' title='bbox 1446 2729 1843 2781; x_wconf 79' lang='lat' dir='ltr'>Rheno-Trajectinae</span> 
     </span>
     <span class='ocr_line' id='line_1_37' title="bbox 365 2793 1847 2846; baseline 0.003 -14"><span class='ocrx_word' id='word_1_315' title='bbox 365 2798 479 2839; x_wconf 85' lang='lat'><strong>1793.</strong></span> <span class='ocrx_word' id='word_1_316' title='bbox 508 2794 628 2834; x_wconf 87' lang='lat' dir='ltr'>Tom.</span> <span class='ocrx_word' id='word_1_317' title='bbox 649 2804 680 2833; x_wconf 88' lang='lat'>1.</span> <span class='ocrx_word' id='word_1_318' title='bbox 707 2793 876 2846; x_wconf 80' lang='lat' dir='ltr'>denique</span> <span class='ocrx_word' id='word_1_319' title='bbox 895 2795 959 2835; x_wconf 86' lang='lat' dir='ltr'>Jo.</span> <span class='ocrx_word' id='word_1_320' title='bbox 979 2793 1161 2836; x_wconf 86' lang='lat' dir='ltr'>Hildebr.</span> <span class='ocrx_word' id='word_1_321' title='bbox 1182 2793 1464 2836; x_wconf 85' lang='lat' dir='ltr'>Witthofiusin</span> <span class='ocrx_word' id='word_1_322' title='bbox 1479 2794 1582 2838; x_wconf 83' lang='lat' dir='ltr'>Krit.</span> <span class='ocrx_word' id='word_1_323' title='bbox 1602 2794 1847 2837; x_wconf 83' lang='lat' dir='ltr'>Anmerkun·</span> 
     </span>
    </p>
   </div>
   <div class='ocr_carea' id='block_1_4' title="bbox 1938 403 2008 3210">
    <p class='ocr_par' dir='ltr' id='par_1_5' title="bbox 1938 403 2008 3210">
     <span class='ocr_line' id='line_1_38' title="bbox 1938 403 2008 3210; baseline 0 0"><span class='ocrx_word' id='word_1_324' title='bbox 1938 403 2008 3210; x_wconf 95' lang='lat' dir='ltr'> </span> 
     </span>
    </p>
   </div>
  </div>
 </body>
</html>
