2008 3210
304 261 393 306 326

305 369 367 401 lib.
399 377 549 402 xxxvn.
576 369 668 412 apud
695 370 870 403 Photium
925 371 1018 403 Hinc

306 421 411 455 Silius
424 421 582 462 Italicus,
604 422 668 454 hoc
697 427 764 463 est,
788 422 1016 456 Corfiniensis.

310 471 448 503 Vossius.
479 472 700 513 Appellarent]
717 474 798 505 Non
812 474 925 515 video,
939 484 1016 516 quoe

306 523 396 554 ratio
411 523 542 564 adigat,
554 530 592 556 ut
606 524 752 556 Italicam
770 525 933 566 legamus.
971 527 1016 560 V.

303 573 421 615 Sigon.
452 574 495 606 de
526 574 644 617 Antiq.
675 576 745 617 jur.
780 576 860 610 Ital.
893 586 949 611 111.
985 581 1016 611 l.

302 624 447 656 Roecler.

347 676 512 710 Fluentem
523 677 844 720 procumbentemque]
861 680 940 711 Non
955 689 1015 722 op-

306 728 390 760 time
403 729 445 760 ad
462 730 712 771 metaphoram,
729 741 806 774 quae
819 732 1014 765 continuari

303 781 337 813 in
354 781 405 813 his
420 782 546 815 talibus
559 789 664 824 amat,
677 785 839 827 conjungi
851 785 920 818 duo
937 786 1013 827 ista,

304 842 379 873 qnae
397 838 536 873 vocant,
553 835 735 877 participia
748 835 918 868 videntur.
941 837 1012 869 Ita-

303 892 369 923 que
391 883 464 924 jam
487 884 640 926 labebar‚
662 890 700 918 ut
724 890 866 919 mentem
889 887 1013 920 substi-

303 938 447 967 tuerem.
492 936 723 970 Nihilominus
738 939 903 981 Virgilius
929 951 1012 983 quo-

302 994 369 1027 que
396 987 573 1019 meminit:
609 988 618 1005 ‘
647 989 700 1020 Ex
730 989 789 1021 illo
819 989 941 1032 fluere,
970 1002 1011 1023 ac

301 1043 397 1070 retro
411 1039 572 1082 sublapsa
587 1039 709 1072 referri
724 1041 812 1084 Spes
830 1043 1012 1076 Danaum:

301 1092 676 1126 Acidalius.F1ueneem
689 1095 1013 1139 procumbentemque]

301 1143 344 1175 Iu
361 1145 429 1177 Ms.
449 1144 528 1185 fuit,
552 1146 789 1188 Raempubcicam
807 1147 846 1179 P.
861 1147 905 1180 R.
922 1148 1012 1179 resti-

302 1194 473 1228 tuentibus.
521 1196 597 1229 Nec
615 1201 733 1238 putem
746 1198 947 1231 mutandum
964 1203 1013 1231 te-

299 1257 406 1280 mere.
451 1247 616 1290 Aggenns
642 1248 686 1281 de
715 1250 882 1282 limitibus
916 1261 1013 1293 agro-

301 1306 395 1331 rum:
414 1304 423 1317 ‘
439 1300 499 1332 Est
513 1310 596 1341 ager
609 1300 730 1333 similis
744 1302 1012 1345 subsecivorum,

300 1350 492 1382 conditioni
514 1356 614 1383 extra
639 1352 774 1393 clusus;
798 1353 854 1395 qui
870 1354 897 1385 si
915 1353 957 1385 R.
969 1355 1010 1388 P.

300 1403 427 1445 Populi
455 1404 602 1437 Romani
625 1406 728 1438 datus
755 1415 820 1439 non
847 1412 915 1448 est,
944 1410 1010 1440 ὅτε.

292 1455 373 1494 jure
390 1454 657 1497 subsecivorum,
674 1457 710 1490 in
723 1458 809 1500 ejus,
831 1458 890 1501 qui
905 1459 1011 1500 assig-

299 1515 382 1537 nare
411 1507 576 1548 potuerit,
618 1513 773 1541 remanet
814 1510 1010 1551 potestate!

302 1554 403 1590 Unde
427 1557 519 1590 infra
544 1558 648 1591 etiam
675 1558 767 1592 forte
794 1561 863 1602 legi
890 1559 1008 1599 debet,

303 1609 395 1645 Quod
409 1619 469 1641 non
482 1609 644 1650 Augustus
657 1613 728 1652 post
742 1610 879 1642 reditum
893 1611 928 1643 in
948 1612 1010 1643 Ur-

300 1659 366 1692 bem
384 1660 425 1693 R.
443 1661 486 1694 P.
509 1662 626 1703 Populi
649 1662 787 1694 Romani
806 1665 1010 1703 repr-‹eseam-

299 1710 367 1742 vit:
390 1721 457 1744 non
474 1716 603 1753 autem,
627 1713 672 1744 R.
687 1713 732 1746 P.
755 1713 934 1756 Populoque
946 1713 1009 1745 Ro-

298 1772 392 1793 mano
417 1764 678 1804 repraesenlatit;
699 1767 738 1796 ut
761 1765 865 1806 vulgo
890 1764 1008 1798 edunt.

305 1813 391 1845 Voss.

344 1857 434 1889 CAP.
448 1860 502 1890 17.
521 1857 596 1890 Nisi
605 1858 687 1900 quoe]
698 1858 845 1901 Lipsius,
854 1858 919 1890 nisi
929 1859 1010 1900 quod

299 1909 376 1940 Nol.
405 1908 491 1940 Nisi
502 1909 586 1951 quoe]
610 1909 716 1952 Lego,
731 1920 804 1952 qun.
852 1910 934 1952 Qua,
944 1920 1009 1952 pro

295 1963 457 2003 quatenus,
467 1960 558 2002 apud
569 1961 719 2002 optimos
733 1970 887 2004 quosque
896 1961 1010 2003 Scrip-

298 2017 392 2045 tores
407 2013 534 2055 passim
549 2013 699 2046 obvium.
722 2013 823 2046 Idem.

340 2063 498 2105 Integris]
512 2063 544 2096 A
557 2064 755 2097 valetudine
770 2064 1008 2106 metaphoram

297 2114 390 2156 duci,
411 2115 554 2148 innuere
577 2115 737 2148 videntur
758 2116 848 2149 ista:
870 2115 1008 2158 afflictis,

297 2169 334 2198 et
355 2165 502 2206 integris,
526 2165 663 2199 Acidal.

346 2217 407 2249 Vir
421 2217 475 2258 qui
489 2227 587 2259 neque
600 2219 642 2250 ud
657 2217 757 2263 finem
770 2217 923 2258 victorie,
937 2217 1007 2259 ξω]

295 2266 409 2300 Plane
424 2267 469 2300 ad
484 2268 570 2301 hanc
584 2268 793 2301 sententiam
816 2268 934 2300 Valer.
950 2276 1006 2300 lx.

296 2321 328 2351 2.
345 2321 376 2351 1.
399 2318 409 2336 ‘
430 2319 470 2351 L.
485 2319 592 2360 Sulla,
609 2329 711 2361 quem
727 2328 838 2362 neque
851 2318 1007 2360 laudare,
1021 2343 1023 2346 Α

295 2377 412 2411 neque
425 2368 623 2412 vituperare
639 2370 818 2414 qnisquam
833 2371 916 2403 satis
933 2370 1005 2413 dig-

295 2423 490 2462 xie-potest:
508 2421 587 2464 quia
601 2422 681 2454 dnm
692 2422 818 2465 quaerit
829 2422 1006 2464 victorias,

296 2470 493 2514 Scipionem
509 2482 547 2505 se
571 2474 698 2515 populo
724 2474 900 2513 Romnuo3
923 2473 1004 2506 dum

296 2522 464 2556 soevitiam
474 2528 631 2564 exercet,
654 2523 860 2556 Annibalem
877 2533 1004 2567 reprae-

294 2574 472 2607 sentnvit!
495 2575 675 2608 Boeclenw.

339 2625 409 2658 Hic
421 2628 516 2658 nahas
531 2625 663 2666 familia
682 2625 796 2668 nobili]
816 2626 909 2660 Vide
922 2627 1004 2660 Plu-

279 2686 282 2687 ’
296 2676 405 2709 turchi
418 2676 562 2718 Syllam.

342 2726 531 2760 Intermissa
569 2728 666 2770 esset]
699 2727 879 2762 Acidalius
917 2729 1004 2772 legit

293 2778 526 2812 montanee.
561 2779 690 2813 Aetiva
703 2785 819 2815 autem
831 2781 894 2814 illa
902 2790 1003 2815 voea-

295 2828 378 2864 buin
391 2838 486 2872 σερε
496 2831 635 2873 >passive
649 2836 838 2865 sumuntur.

342 2880 544 2926 Namnet]
565 2883 623 2919 Ita
641 2883 799 2920 restituit
809 2882 1003 2926 Gruterum

614 273 759 309 NOTAE
790 275 1059 308 vAmoRUM
1092 277 1145 308 ΓΝ
1180 278 1468 312 PATERGULI

1068 373 1183 415 vulgo,
1197 373 1310 412 sactus
1322 379 1379 408 est.

1102 424 1458 469 Undequinquagesimo]
1466 427 1684 470 Plutarchus,
1690 414 1779 472 odu-

1067 476 1259 517 quagesima
1298 475 1443 510 ‘Trans
1465 477 1534 521 μὲν,
1555 479 1679 522 inquit,
1699 479 1778 513 ἆτο-

1066 526 1221 560 deheim-ai
1234 528 1431 567 πεντήκοντα
1451 529 1507 568 ἔτη
1520 529 1671 570 γεγονός.
1696 531 1775 573 Lip-

1064 588 1141 611 sius.

1110 629 1198 662 CAe.
1212 633 1265 664 18.
1284 631 1341 664 Vir
1350 642 1445 674 neque
1454 632 1606 675 silendus]
1618 633 1777 676 ‘Quippe

1065 690 1144 713 cum
1159 686 1308 723 quatuor
1330 683 1476 725 Pyrrho,
1489 692 1583 716 xvn.
1610 682 1776 717 Annibali

1064 730 1276 773 suffecerint,
1289 733 1346 764 ille
1358 743 1421 774 per
1432 733 1660 775 quadraginta
1669 742 1776 768 annos

1063 783 1208 823 restitit,
1230 783 1340 816 donec
1357 784 1466 816 tribus
1483 785 1517 816 in
1533 784 1695 826 gentibus
1707 782 1778 818 bel-

1063 833 1104 865 lis
1121 834 1297 876 subactus,
1319 834 1485 867 felicitate
1509 835 1625 875 Sullae,
1646 834 1776 869 virtute

1063 885 1211 925 Luculli,
1234 886 1470 927 magnitudine
1504 885 1665 927 Pompeii
1693 895 1775 919 eon·

1063 937 1279 969 sumeretur!
1331 938 1451 970 Florus
1474 937 1531 970 lib.
1555 947 1614 972 ιιι.
1639 947 1718 980 cap.
1743 941 1776 971 6.

1064 987 1257 1028 Appianas,
1280 988 1487 1021 Plutarchus
1511 990 1546 1020 in
1571 989 1679 1030 Sulla,
1704 989 1776 1022 Lu-

1063 1039 1167 1078 cullo,
1190 1039 1371 1081 Pompeio,
1386 1040 1509 1073 Cicero
1525 1049 1587 1082 pro
1603 1040 1645 1073 L.
1661 1040 1774 1073 Mani-

1061 1089 1121 1130 lio,
1135 1089 1204 1122 alii.
1225 1089 1363 1131 Scliegk.

1106 1141 1249 1183 Semper]
1267 1143 1401 1182 Malim,
1415 1144 1609 1185 aliquandiu.
1641 1143 1711 1176 Sed
1727 1142 1789 1177 de.

1062 1193 1299 1234 magnitudine
1316 1194 1418 1226 animi
1430 1195 1531 1237 hujus
1544 1195 1648 1237 regis,
1659 1203 1773 1227 emen-

1063 1243 1165 1275 detur
1175 1244 1419 1277 Sallustianum
1430 1244 1776 1288 fragmentum,apud

1063 1293 1218 1335 Fabium,
1257 1296 1286 1326 si
1314 1296 1472 1328 memini:
1511 1298 1520 1315 ‘
1546 1295 1773 1330 Mithridates

1063 1354 1210 1386 corpore
1226 1346 1373 1388 ingenti,
1389 1348 1531 1389 perinde
1545 1352 1583 1380 et
1597 1347 1774 1382 armatu-2

1063 1395 1196 1438 Facito,
1216 1397 1347 1438 perinde
1376 1401 1407 1430 et
1429 1399 1596 1432 animatus.
1619 1398 1772 1441 Lipsius.

1062 1446 1192 1489 Semper
1219 1448 1338 1490 animo]
1360 1449 1424 1481 Vir
1450 1459 1603 1482 summus
1629 1449 1786 1483 adducit]

1061 1498 1140 1530 heic
1163 1497 1394 1540 fragmentum
1416 1501 1568 1533 Sallustii
1587 1500 1631 1533 de
1647 1500 1772 1534 eodem

1061 1549 1287 1582 Mithridate:
1303 1550 1313 1568 ‘
1327 1551 1550 1584 Mithridates
1560 1561 1705 1594 corpore
1720 1552 1773 1584 in-

1060 1600 1169 1641 genti,
1183 1601 1328 1642 perinde
1340 1606 1377 1634 et
1393 1606 1546 1634 armatus
1559 1601 1578 1634 :'
1602 1611 1714 1644 exque
1727 1611 1771 1635 eo

1060 1650 1144 1683 facit
1155 1652 1286 1693 perinde
1297 1655 1329 1684 et
1339 1652 1508 1685 animatus.
1533 1652 1667 1688 Forsan,
1677 1661 1773 1695 vere,

1060 1702 1089 1734 si
1119 1707 1294 1735 constaret
1319 1703 1430 1744 nobis,
1452 1713 1528 1745 quae
1555 1703 1661 1736 verbu
1689 1703 1771 1736 hnic

1060 1751 1169 1785 frusto
1191 1762 1326 1786 annexa
1346 1752 1503 1786 fuissent.
1548 1753 1591 1786 Id
1607 1764 1685 1787 cnm
1701 1764 1771 1788 non

1059 1803 1204 1846 liqueat,
1220 1805 1372 1846 putarim
1388 1814 1482 1837 suam
1499 1814 1573 1837 esse
1593 1806 1771 1848 energiam

1059 1856 1201 1889 lectioni
1228 1857 1391 1898 vulgatae.
1435 1857 1493 1890 Sic
1521 1857 1662 1892 Curtius
1694 1857 1770 1891 fere

1059 1906 1119 1940 lib.
1135 1916 1218 1940 vm.
1241 1908 1251 1926 ‘
1269 1907 1352 1949 Ipse
1367 1908 1480 1940 Porus
1500 1908 1658 1941 humanus
1676 1918 1771 1951 mag-

1058 1958 1224 1991 nitudinis
1235 1959 1482 2001 propemodum
1493 1963 1692 1994 excesserat
1701 1959 1783 1993 for».

1058 2019 1168 2042 mam:
1192 2009 1421 2051 magnitudini
1435 2010 1522 2043 Pori
1545 2010 1699 2053 adjicere
1719 2010 1782 2044 vti-2

1058 2060 1209 2093 debatur
1235 2060 1347 2094 bellua
1373 2061 1678 2104 quassvehebntnrl
1700 2063 1781 2097 &ee

1060 2112 1227 2145 Gruterus.
1776 2129 1788 2156 χ

1101 2163 1290 2206 Necalisque
1305 2164 1340 2196 in
1354 2174 1391 2196 ea
1411 2163 1552 2197 omnibus
1573 2164 1693 2198 civibus
1706 2163 1781 2206 Bt}

1057 2214 1223 2246 Memnon
1239 2214 1282 2246 de
1297 2214 1464 2256 Tyrannis
1481 2214 1664 2247 Heracleoe
1676 2215 1770 2247 Pon-

1057 2265 1150 2308 ticae,
1172 2267 1255 2299 item
1270 2267 1430 2299 Valerius
1445 2266 1617 2299 Maximus
1633 2265 1692 2300 lib.
1709 2273 1767 2300 11.

1057 2329 1133 2361 cap.
1149 2322 1181 2352 2.
1205 2328 1315 2352 Lxxx.
1343 2319 1451 2351 millia
1464 2319 1696 2351 Romanorum
1710 2328 1768 2352 oe·

1056 2370 1127 2402 cisa
1143 2370 1295 2403 tradunt.
1340 2370 1392 2401 Ut
1418 2370 1556 2402 omnino
1581 2370 1627 2402 sit
1647 2369 1781 2402 verini-r

1055 2421 1150 2460 mile,
1178 2420 1405 2453 Plutarchum
1434 2420 1471 2452 in
1499 2420 1597 2462 Sylla
1625 2429 1766 2462 errare3

1056 2473 1114 2515 qui
1129 2481 1306 2505 numerum
1325 2481 1430 2514 usque
1445 2471 1488 2503 ad
1511 2481 1544 2504 c.
1559 2475 1596 2503 et
1611 2480 1644 2504 ι..
1660 2470 1779 2505 millia-

1055 2523 1207 2556 adauxit.
1242 2524 1445 2565 Quanquam
1458 2521 1640 2564 Appianas
1653 2521 1689 2554 in
1698 2521 1767 2554 Mi-

1055 2573 1249 2606 thridaticis
1264 2573 1452 2606 Plutarcho
1466 2571 1569 2605 fidem
1586 2571 1774 2605 adstruere

1054 2626 1221 2658 videatur.
1267 2626 1416 2658 Centum
1431 2624 1521 2656 enim
1537 2628 1574 2656 et
1585 2622 1766 2666 sexaginta

1052 2677 1160 2710 millia
1185 2684 1367 2720 perempta
1400 2675 1506 2709 fuisse
1530 2675 1651 2709 tradit.
1695 2674 1765 2708 Sed

1053 2728 1249 2761 Memnonis
1263 2727 1319 2760 hic
1337 2726 1451 2770 potior
1466 2726 1604 2759 videtur
1614 2726 1766 2759 auetori-
1774 2754 1777 2755 γ

1054 2785 1116 2813 tas.
1143 2779 1230 2813 Voss.

1095 2828 1366 2874 Mttyzmaeamm]
1410 2827 1595 2870 Mitylene,
1633 2803 1775 2868 Plinio„-

1052 2883 1172 2926 Μαίη,
1192 2881 1354 2923 Arriano,
1376 2879 1554 2922 Vitruvio,
1579 2881 1618 2917 et
1645 2878 1765 2916 Ptou-
1767 2888 1776 2909 ὲ
