2008 3210
335 211 384 256 iv

337 324 462 367 Appius
485 324 636 357 Claudius
644 321 814 399 §Gaudeo
848 324 969 363 consul,
984 325 1045 368 pri-

381 379 448 399 mus
463 367 584 408 trajecit
598 368 630 398 in
667 367 781 398 iciliam
803 367 837 404 ii,
853 370 895 399 38

335 411 460 453 Appius
481 410 650 454 (Claudius
672 409 836 452 Pulcher),
849 410 898 442 Ti.
912 410 1045 442 Gracchi

380 464 478 491 socer,
502 454 683 491 consularis,
698 453 798 485 mvi:
810 452 889 495 agris
902 454 1045 486 dividen-

378 497 428 528 dis
450 497 485 534 ii,
500 500 521 530 2
745 506 748 509 ·
967 507 969 510 ’

335 539 461 582 Appius
475 539 637 576 Claudius,
652 539 746 571 Juliae
757 539 878 571 adulter
900 539 934 577 ii,
950 542 1013 572 100

336 583 480 625 Apronii,
493 583 530 614 L.
545 583 578 613 in
591 582 675 614 bello
699 582 876 615 Delmatico
892 583 986 614 virtus
1011 583 1045 621 ii,

381 629 444 658 116
466 626 525 670 (cf.
539 626 638 658 Tacit.
654 625 695 657 A.
711 626 733 663 i,
749 628 802 658 72.
824 626 869 664 ἱίἰ,
884 625 957 670 21)Ι

333 669 500 711 Apuleius,
513 669 550 700 L.
571 669 765 706 Saturninus,
787 669 923 711 tribspl.
938 669 1046 700 sediti-

379 723 462 749 osus,
478 712 511 743 in
526 712 612 745 curia
620 712 767 750 Hostilia,
793 713 897 744 Mario
908 712 982 745 Cos.
997 723 1047 743 vr.

376 761 506 788 necatus
530 756 619 793 ii,12
641 755 861 799 (Tribunatum
883 756 976 786 etiam
998 755 1045 786 bi-

377 799 471 830 ennio
487 804 559 830 ante
573 804 718 840 gesserat,
734 798 778 830 U.
792 809 820 829 c.
835 797 916 840 652)

334 840 501 887 Apuleius,
525 842 596 874 Sex.
618 841 756 884 (Nepos,
786 841 920 883 Augusti
935 841 1045 873 sororis

377 885 495 928 nepos)
519 896 582 927 quo
608 885 736 917 consule
758 884 800 917 U.
815 895 844 917 c.
875 888 939 918 767
975 884 1044 916 Au-

378 934 486 971 gustus
501 929 580 960 obiit
601 928 635 965 ii,
651 930 713 959 123

335 970 455 1013 Apulia
469 982 488 1003 a
501 971 601 1015 Sylla,
628 981 646 1002 e
669 971 752 1002 bello
767 970 982 1002 Mithridatico
996 982 1044 1003 re·

376 1015 469 1053 duce,
484 1026 556 1047 cum
567 1014 673 1056 quiete
687 1014 890 1056 peragrataii,
905 1017 946 1046 25

333 1055 428 1100 Aqua
441 1058 480 1101 (J
482 1057 561 1100 ulia)
576 1057 745 1098 Campanis
758 1059 832 1088 data
854 1057 886 1094 ii,
902 1060 943 1089 81

334 1100 438 1143 Aquae
452 1101 564 1133 Sextiae
589 1101 701 1144 (hodie
727 1099 806 1142 Aix)
821 1111 840 1131 a
853 1099 957 1131 Sextio
972 1099 1045 1132 Cal-

376 1145 451 1176 vino
479 1145 615 1177 conditae
636 1148 669 1175 et
688 1144 781 1175 dictae
804 1143 827 1180 i,
849 1146 889 1175 15
912 1142 1048 1174 Teutoni

379 1188 464 1230 apud
490 1189 615 1220 easdem
629 1197 649 1218 a
676 1187 792 1225 Mario,
813 1186 887 1218 Cos.
903 1196 951 1218 1v.
971 1186 1047 1218 victi

379 1231 413 1269 ii,
424 1235 438 1263 1
445 1234 465 1263 2
754 1267 758 1270 ,

337 1273 485 1317 Aquileia
499 1273 623 1306 colonia
637 1272 765 1305 condita
785 1273 807 1310 i,
822 1275 862 1305 15

335 1318 493 1360 Aquilius,
519 1317 569 1348 M.
591 1316 801 1348 Aristonicum
830 1315 863 1346 in
891 1315 1047 1357 triumpho

379 1361 469 1393 duxit
490 1361 525 1398 ii,
539 1363 560 1392 4

339 1404 499 1447 Aquilius,
511 1404 562 1435 M.
577 1402 728 1446 (praeced.
743 1400 806 1444 fil.)
822 1413 840 1434 a
852 1402 1048 1444 Mitylenaeis

381 1447 559 1479 Mithridati
574 1447 715 1488 proditus
735 1446 769 1484 ii,
783 1449 823 1478 18
847 1445 906 1488 (U.
922 1456 950 1476 c.
965 1445 1048 1487 666)

336 1491 485 1527 Arbaces‚
508 1490 639 1527 Medus,
653 1489 897 1531 Sardanapalum
919 1488 1048 1530 imperio

380 1539 413 1566 et
426 1534 491 1564 vita
505 1532 605 1575 privat
634 1532 657 1570 i,
671 1535 693 1565 6
846 1543 851 1545 ·
958 1538 961 1543 ’

338 1575 557 1614 Archilochus,
571 1575 680 1618 poeta,
695 1574 938 1617 perfectissimus
949 1574 1050 1616 operis

381 1621 431 1652 sui
442 1625 549 1652 auctor
561 1619 583 1656 i,
598 1622 617 1651 5
642 1618 740 1659 (circa
753 1617 805 1649 Ol.
817 1618 879 1658 23)

337 1663 465 1696 Archon
494 1663 610 1705 primus
627 1660 865 1693 Atheniensium
876 1660 946 1702 quis
960 1660 1053 1692 fuerit

380 1708 404 1745 i,
419 1710 440 1740 2
462 1706 638 1737 Archontes
651 1704 794 1746 perpetui
814 1704 940 1735 fuerunt
956 1714 1053 1745 usque

378 1751 421 1782 ad
433 1750 622 1791 Charopem,
637 1748 712 1779 ibid.
728 1747 914 1779 decennales
927 1747 1053 1789 quando

382 1793 533 1835 coeperint
554 1793 578 1828 i,
591 1795 612 1824 8
634 1791 760 1833 quando
773 1790 880 1828 annui,
893 1790 969 1821 ibid.

342 1835 512 1878 Argentum
533 1835 622 1867 rasile
644 1839 810 1876 apparatus
825 1833 970 1875 triumphi
990 1832 1055 1865 Jul.

382 1879 513 1912 Caesaris
528 1877 669 1909 materies
699 1877 733 1914 ii,
748 1880 790 1909 56

338 1922 474 1964 Argivus
488 1932 580 1953 nemo
596 1925 697 1952 orator
718 1920 741 1958 i,
758 1923 799 1952 18

337 1966 457 1998 Aricini
483 1965 534 2009 (in
560 1963 670 2007 Latio)
706 1963 739 1994 in
759 1962 917 1995 civitatem
942 1961 1060 2004 recepti

378 2009 402 2048 i,
416 2011 458 2042 14

342 2052 520 2085 Ariminum
535 2050 586 2095 (in
607 2048 746 2093 Piceno)
757 2048 882 2081 colonia
895 2050 1023 2081 condita
1037 2050 1060 2088 i,

341 2138 569 2175 Aristodemus,
597 2137 736 2178 abnepos
765 2135 920 2174 Herculis,
958 2136 1058 2168 Hera-

384 2182 535 2215 clidamm
561 2180 813 2223 Peloponnesum
843 2179 1056 2212 invadentium

387 2227 452 2257 dux
481 2224 504 2262 i,
519 2227 541 2256 2

340 2267 536 2300 Aristonicus
551 2265 659 2298 Asiam
671 2264 714 2309 (s.
725 2276 853 2308 regnum
868 2265 1057 2308 Pergamen-

381 2311 451 2355 um)
463 2315 598 2351 occupat
612 2309 646 2346 ii,
658 2312 678 2342 4
702 2309 846 2341 Crassum
858 2309 1056 2347 Mucianum,

383 2353 612 2396 proconsulem,
627 2352 834 2390 interemerat,
848 2352 926 2384 ibid.
954 2352 1056 2384 victus

384 2403 419 2430 et
451 2401 563 2439 captus
588 2405 607 2426 a
633 2395 683 2426 M.
710 2396 870 2437 Perperna
896 2395 931 2433 ii,
961 2399 993 2428 4.
1013 2398 1055 2428 38

383 2451 404 2473 a
424 2441 475 2472 M.
489 2438 620 2482 Aquilio
633 2439 668 2470 in
679 2439 837 2481 triumpho
851 2439 964 2470 ductus
986 2439 1020 2476 ii,
1034 2441 1055 2471 4

386 2488 529 2521 necatus,
551 2482 629 2514 ibid.

341 2527 580 2569 Aristophanes,
607 2524 770 2556 comoedias
798 2524 910 2557 veteris
925 2524 1021 2566 potita
1035 2524 1058 2562 i,

385 2574 427 2604 16
449 2569 586 2613 (Floruit
599 2567 652 2600 Ol.
663 2572 717 2606 85,
732 2567 772 2611 4)

343 2613 545 2651 Aristoteles,
573 2612 749 2644 Socraticus
772 2611 795 2650 i,
808 2614 851 2644 16
883 2610 992 2655 (Obiit
1006 2610 1059 2642 Ol.

341 2699 489 2732 Armenia
498 2655 535 2730 >a
550 2697 703 2740 Pompeio
717 2697 768 2729 M.
793 2698 877 2729 bello
895 2697 1004 2739 *petita
1027 2696 1061 2734 ii,

385 2746 426 2775 37
448 2742 573 2784 Tigrani
585 2741 619 2772 in
631 2752 709 2782 pace
722 2741 840 2778 relicta,
866 2741 942 2773 ib'id.
978 2751 998 2771 a
1013 2741 1062 2771 M.

386 2785 527 2816 Antonio
554 2786 667 2816 intrata
681 2789 714 2816 et
737 2795 809 2826 rege
822 2785 951 2826 ¹privata
970 2784 1004 2820 ii,
1020 2787 1063 2815 82

385 2839 403 2859 a
417 2828 553 2866 Tiberio,
579 2828 713 2870 Augusti
729 2828 881 2870 privigno,
910 2828 943 2860 in
958 2833 1062 2870 potes-

905 223 1068 256 lNDEX
1104 224 1281 258 RERUM

1135 328 1232 366 tatem
1247 325 1285 356 P.
1299 324 1342 356 R.
1355 323 1478 357 redacta
1492 329 1524 357 et
1537 323 1662 368 Tigrani
1676 326 1750 357 data
1771 325 1806 364 ii,

1136 367 1271 400 942122
1293 369 1364 400 ac.
1391 369 1525 407 Caesare,
1552 369 1700 411 Agrippae
1726 370 1804 408 filio,

1136 411 1219 442 bello
1234 411 1332 452 petita
1348 411 1382 449 ii,
1398 415 1460 444 102

1094 453 1264 492 Arminius,
1277 455 1418 497 Sigimeri
1430 455 1511 487 filius
1537 455 1571 492 ii,
1587 458 1650 488 118
1671 454 1742 497 ejus
1755 455 1804 486 in-

1139 498 1264 538 genium
1282 504 1315 529 et
1334 509 1444 536 mores,
1459 498 1536 530 ibid.
1558 498 1804 540 conjurationem

1139 539 1362 572 Germanorum
1377 541 1409 572 in
1424 541 1541 574 Varum
1556 542 1683 579 conflat,
1697 541 1775 572 ibid.

1095 582 1258 625 Atragem,
1272 583 1429 616 Armenias
1444 586 1526 622 urbs,
1551 585 1635 626 apud
1657 595 1750 626 quam
1766 584 1806 617 C.

1141 626 1246 659 Caesar
1268 638 1306 659 ex
1329 627 1402 659 dolo
1423 628 1554 669 graviter
1568 627 1744 659 vulneratus
1758 632 1806 659 est

1139 669 1174 707 ii,
1189 672 1252 702 102

1095 710 1296 751 Artavasdes,
1320 712 1476 744 Armeniae
1505 723 1571 750 rex,
1599 713 1638 744 ab
1667 711 1807 744 Antonio

1139 756 1256 787 catenis
1269 756 1368 787 aureis
1382 756 1504 787 vinctus
1528 756 1563 793 ii,
1578 758 1621 788 82
1642 755 1807 797 Artavasdi

1140 798 1193 829 alii
1204 809 1331 841 regnum
1345 809 1365 830 a
1377 799 1643 841 Tiberioberipitur
1657 798 1691 836 ii,
1705 799 1747 832 94

1096 839 1249 879 Artorius,
1261 842 1412 879 medicus,
1427 846 1495 873 orat
1503 841 1709 874 Octavianum
1720 843 1805 884 apud

1140 884 1317 927 Philippos,
1346 895 1386 916 ne
1413 885 1448 916 in
1470 885 1577 916 castris
1591 891 1749 916 remaneat
1772 886 1806 923 ii,

1095 970 1257 1008 Aruntius,
1269 970 1306 1001 L.
1314 981 1391 1013 pace
1404 971 1489 1012 apud
1502 970 1659 1002 Misenum
1673 981 1728 1012 per
1737 971 1808 1003 Sex.

1140 1013 1325 1055 Pompeium
1340 1015 1417 1056 reip.
1431 1014 1588 1045 restitutus
1612 1014 1697 1051 ssav
1721 1016 1806 1056 apud

1140 1056 1268 1088 Actium
1279 1057 1389 1088 laevum
1400 1057 1505 1089 elassis
1515 1057 1696 1088 Octavianae
1710 1067 1806 1089 cornu

1140 1100 1228 1131 ducit
1253 1100 1286 1137 ii,
1302 1103 1343 1132 85
1366 1100 1488 1132 Sosium
1511 1099 1685 1132 Octaviano
1699 1110 1806 1132 recon-

1138 1142 1224 1174 ciliat
1244 1143 1279 1180 ii,
1292 1146 1335 1175 86

1097 1185 1259 1224 Asculani,
1275 1186 1414 1218 Servium
1425 1191 1587 1228 praetorem
1598 1192 1631 1218 et
1641 1187 1805 1218 Fonteium

1140 1229 1277 1272 legatum
1291 1230 1493 1268 trucidantes,
1515 1230 1590 1262 belli
1615 1230 1719 1262 Italici
1734 1240 1805 1262 auc-

1142 1277 1222 1304 tores
1236 1278 1309 1304 sunt
1333 1273 1418 1311 ii,15

1099 1313 1248 1347 Asculum
1263 1317 1377 1359 (caput
1390 1316 1454 1358 agri
1466 1315 1595 1358 Piceni)
1609 1326 1626 1347 a
1638 1316 1698 1348 Cn.
1713 1315 1809 1348 Pom·

1142 1360 1225 1400 peio,
1242 1360 1353 1401 Magni
1370 1365 1466 1401 patre,
1481 1364 1607 1400 captum
1632 1359 1667 1397 ii,
1678 1362 1719 1392 21

1100 1400 1175 1432 Asia
1185 1402 1377 1445 (provincia)
1384 1403 1424 1434 ab
1430 1402 1539 1433 Attalo
1549 1402 1710 1444 (Pergami
1719 1401 1810 1444 rege)

1142 1445 1809 1531 ἱῗρὲὲῖρῖἰῖ·ἓξῖἓέὲῗῗηῖἓῖῗέὲᾈῒὴῗ,

1139 1536 1256 1573 erepta,
1284 1532 1323 1563 ab
1348 1531 1463 1563 Attalis
1492 1541 1643 1572 possessa,
1669 1536 1702 1562 et
1725 1541 1743 1560 a
1758 1531 1809 1562 M.

1141 1574 1310 1616 Perperna,
1330 1580 1424 1616 capto
1439 1574 1629 1611 Aristonico,
1652 1574 1810 1605 tributaria

1103 1621 1106 1623 ’
1139 1616 1223 1648 facta
1248 1618 1282 1655 ii,
1294 1620 1336 1650 38
1718 1627 1720 1629 ·

1100 1659 1184 1691 Asiae
1207 1661 1368 1703 imperium
1387 1661 1437 1692 ab
1466 1659 1602 1704 Assyriis
1626 1660 1667 1691 ad
1693 1659 1812 1692 Medos

1144 1704 1324 1736 translatum
1343 1705 1367 1742 i,
1381 1707 1403 1736 6

1102 1744 1229 1778 Asinius
1244 1747 1358 1785 Pollio,
1373 1746 1411 1779 C.
1433 1751 1536 1778 orator
1560 1745 1592 1783 ii,
1608 1748 1652 1778 36
1674 1746 1810 1787 Pompe-

1144 1789 1222 1821 ianis
1252 1790 1388 1832 partibus
1401 1790 1544 1827 infestus,
1567 1789 1701 1821 Julianis
1717 1789 1810 1825 fidus,

1145 1832 1196 1863 M.
1216 1832 1357 1864 Antonio
1385 1833 1552 1865 exercitum
1586 1833 1680 1863 tradit
1718 1831 1752 1869 ii,
1766 1834 1809 1864 63

1149 1876 1310 1917 praetorius
1325 1877 1470 1908 adversus
1484 1877 1555 1907 Sex.
1578 1875 1762 1917 Pompeium
1778 1875 1810 1905 in

1149 1918 1304 1961 Hispania
1325 1919 1440 1951 bellurn
1456 1919 1535 1961 gerit
1557 1919 1591 1955 ii,
1605 1921 1647 1950 73
1679 1918 1728 1949 Μ.
1743 1917 1811 1948 An-

1106 1965 1113 1967 *
1149 1963 1237 1993 tonio
1262 1962 1470 1994 deditissimus
1498 1962 1662 1994 Venetiam
1687 1961 1720 1992 iu
1743 1960 1811 2002 ejus

1150 2010 1306 2054 potestate
1331 2006 1444 2038 retinet
1465 2010 1499 2037 et
1512 2005 1573 2038 Cn.
1594 2003 1769 2035 Domitium
1783 2004 1812 2034 ei

1145 2049 1254 2090 jungit
1266 2049 1300 2086 ii,
1311 2051 1354 2081 76
1376 2054 1448 2090 post
1459 2059 1568 2091 pacem
1583 2047 1812 2078 Brundusinam

1149 2092 1183 2123 in
1197 2092 1290 2123 Italia
1312 2103 1345 2124 se
1355 2093 1478 2130 retinet,
1492 2097 1526 2123 et
1538 2091 1652 2122 nullius
1666 2101 1699 2121 se
1718 2090 1812 2131 parti-

1149 2136 1206 2167 bus
1225 2135 1335 2167 miscet
1361 2135 1394 2173 ii,
1409 2138 1453 2168 86
1474 2136 1591 2167 dictum
1605 2133 1674 2175 ejus
1688 2133 1812 2164 Octavii

1108 2186 1111 2190 ·
1148 2184 1251 2220 partes
1261 2179 1440 2216 recusantis,
1451 2179 1527 2209 ibid.
1556 2178 1650 2208 homo
1661 2187 1760 2208 novus
1772 2177 1812 2207 ad

1148 2232 1283 2254 summos
1297 2223 1429 2253 honores
1442 2226 1569 2253 evectus
1591 2220 1625 2258 ii,
1635 2223 1698 2252 128

1101 2263 1271 2306 Asprenas,
1278 2264 1403 2303 L.,Vari
1412 2264 1542 2306 legatus,
1555 2262 1686 2296 servavit
1694 2267 1812 2304 partem

1112 2311 1116 2314 “
1147 2308 1299 2340 exercitus
1317 2307 1386 2349 ejus
1399 2307 1433 2345 ii,
1450 2310 1513 2340 120
1535 2307 1719 2348 patrimonia
1732 2306 1813 2338 mili-

1146 2355 1212 2382 tum
1227 2351 1284 2382 sub
1307 2350 1391 2382 Varo
1407 2350 1620 2393 jugulatorum
1635 2350 1814 2392 occupavit,

1145 2393 1222 2425 ibid.

1103 2433 1238 2479 Asylum
1265 2447 1285 2468 a
1313 2436 1451 2468 Romulo
1479 2436 1597 2468 factum
1625 2436 1707 2468 inter
1734 2436 1814 2468 duos

1146 2480 1233 2512 lucos
1249 2480 1298 2524 (in
1310 2485 1416 2511 monte
1431 2479 1629 2522 Capitolino)
1648 2480 1671 2516 i,
1686 2482 1708 2511 8

1105 2522 1227 2566 Assyrii
1241 2523 1370 2566 imperio
1383 2523 1470 2554 Asiae
1482 2534 1499 2554 a
1515 2523 1621 2554 Medis
1631 2523 1741 2565 privati
1755 2523 1778 2560 i,
1791 2526 1814 2555 6

1105 2566 1298 2598 Athenarum
1309 2577 1362 2598 rex
1372 2566 1497 2597 ultimus
1508 2566 1661 2603 Cadrusi,
1673 2568 1695 2597 2
1715 2565 1816 2597 Athe-

1150 2619 1206 2641 nas
1218 2609 1342 2652 Pelasgi
1353 2609 1590 2650 commigravere
1604 2609 1626 2646 i,
1640 2611 1660 2641 3
1683 2609 1817 2640 Athenis

1151 2653 1283 2695 profecti
1321 2652 1413 2686 Iones
1450 2652 1474 2689 i,
1486 2655 1507 2684 4
1541 2651 1675 2684 Athenis
1703 2651 1815 2694 Olym-

1151 2696 1257 2738 picum
1270 2696 1310 2727 ab
1332 2695 1490 2727 Antiocho
1500 2694 1614 2736 Epiph.
1636 2694 1815 2727 inchoatum

1151 2739 1175 2776 i,
1192 2742 1233 2771 10
1271 2738 1402 2770 Athenae
1443 2737 1620 2769 Graeoemm
1644 2738 1816 2771 'civitatum

1153 2783 1227 2813 solae
1254 2782 1431 2823 eloquentia
1454 2786 1487 2812 et
1505 2780 1640 2822 ingeniis
1650 2781 1817 2813 floruerunt

1153 2826 1175 2863 i,
1191 2829 1231 2858 18
1264 2836 1283 2856 a
1306 2825 1394 2867 Sylla
1408 2823 1584 2856 Mithridati
1597 2829 1712 2867 ereptae
1725 2825 1759 2863 ii,
1768 2826 1817 2858 '23
