2008 3210
331 241 418 284 492
773 249 1032 282 nncssusus
1069 244 1355 282 murionum

336 346 438 392 1687
470 345 730 384 Francofurti.
752 352 789 385 8.
812 357 903 384 cum
924 344 1029 384 notis
1048 347 1145 386 Ger.
1169 346 1310 385 Vossii.

335 411 436 457 1693
467 411 514 450 C.
549 410 684 450 Velleii
713 410 908 449 Paterculi
939 423 1030 462 quae
1059 418 1283 462 supersunt,
1305 424 1392 451 cum
1425 411 1540 451 variis
1571 412 1805 453 lectionibus

383 476 621 528 optimarum
641 474 874 521 editionum,
900 473 1105 515 doctorum
1128 476 1296 516 virorum
1318 476 1557 526 conjecturis
1577 484 1616 517 et
1635 477 1805 530 castiga-

379 540 566 587 tionibus,
599 546 641 580 et
672 540 811 579 Indice
844 540 1169 593 locupletissimo.
1218 541 1515 581 Praemittuntur
1543 543 1670 582 Henr.
1692 542 1804 581 Dod-

386 605 490 645 welli
524 605 696 645 Annales
724 605 924 645 Velleiani.
979 605 1103 655 (Cura
1133 606 1294 645 Joannis
1329 605 1541 655 Hudsoni.)
1569 607 1749 653 Oxoniae,
1783 621 1805 646 e

382 671 536 711 theatro
556 670 838 711 Shcldoniano.
861 670 1103 711 8.—Textus
1123 683 1335 723 expressus
1353 677 1415 710 est
1429 684 1476 710 ex
1496 670 1560 710 ed.
1581 671 1804 712 Heinsiana.

332 740 434 781 1703
465 737 565 776 Cum
585 736 690 776 notis
710 735 853 775 Vossii.
874 736 1106 775 Hanoverae.
1130 741 1191 778 12.
1221 742 1260 774 et
1279 735 1540 776 Francofnrti.
1566 742 1628 776 12.
1719 780 1723 784 ‚

331 807 434 848 1707
464 803 567 842 Cum
587 803 690 841 notis
711 801 940 853 Christoph.
961 800 1131 849 Cellarii,
1151 807 1191 840 et
1208 801 1337 840 indice
1355 814 1482 840 rerum
1504 792 1806 853 verborumque.

381 866 538 918 Lipsiae,
558 867 662 919 apud
684 867 714 907 F
717 866 848 906 ritsch.
875 867 1035 907 12.-—Is
1055 871 1206 905 textum
1229 865 1484 905 Heinsianum
1509 866 1564 904 ita
1587 865 1808 918 exprimen-

381 931 478 970 dum
497 932 666 979 curavit,
696 938 740 971 ut
760 932 865 983 ipsas
886 931 1040 971 Heinsii
1061 930 1314 982 conjecturas
1340 930 1579 982 complures,
1608 930 1804 969 interdum

381 1003 524 1037 temere
545 1003 680 1048 captas
699 1003 737 1035 et
758 996 914 1044 dubias,
935 997 1142 1048 reciperet.
1201 996 1318 1034 Notae
1337 995 1474 1034 leviter
1493 1001 1584 1034 sunt
1603 1008 1786 1034 corrasae,

326 1084 381 1091 ——
396 1062 498 1101 Cum
519 1062 621 1101 notis
641 1062 787 1101 Christ.
807 1062 829 1100 J
835 1061 982 1101 unkeri.
1015 1059 1260 1100 Francofurti
1280 1066 1320 1100 et
1338 1060 1494 1112 Lipsiae.
1529 1060 1806 1101 12.—Nullius

379 1127 495 1179 pretii
509 1127 642 1167 editio.

330 1198 434 1239 1710
462 1191 673 1231 Lemovici.
696 1198 734 1232 8.
764 1205 853 1231 cum
875 1190 1052 1230 versione
1073 1190 1243 1230 Gallica.

329 1264 429 1303 1711
463 1257 722 1297 Hudsoniana
747 1257 916 1309 repetita
934 1256 1116 1296 Oxoniae.
1138 1261 1176 1295 8.
1203 1269 1294 1294 cum
1327 1254 1804 1295 AnnotationumdibeUm

330 1327 433 1367 1712
464 1323 563 1362 Cum
594 1323 661 1362 J0.
695 1321 858 1374 Georgii
888 1320 1055 1361 Walcbii
1084 1325 1314 1360 commenti.
1343 1319 1394 1358 ad
1433 1319 1593 1358 modum
1626 1319 1806 1368 Minellii.

381 1387 536 1439 Lipsiae.
561 1393 624 1427 12.

330 1458 433 1500 1713
464 1454 566 1492 Cum
585 1452 702 1492 variis
722 1452 956 1492 lectionibus
976 1458 1015 1491 et
1033 1451 1170 1490 Indice
1197 1449 1376 1503 copioso,
1409 1458 1503 1488 cura
1539 1449 1666 1488 Mic-h.
1688 1449 1806 1488 Mait-

379 1518 490 1559 taire.
519 1517 700 1565 Londini‚
734 1531 782 1556 ex
801 1517 906 1556 offic.
934 1518 1020 1556 Jac.
1044 1517 1208 1555 Tonson
1237 1522 1278 1554 et
1296 1516 1360 1554 J0.
1381 1515 1524 1554 watts.
1547 1514 1806 1555 12.—Nitore

380 1583 527 1636 potius,
549 1595 668 1635 quam
687 1582 842 1633 ingenio
863 1588 906 1622 et
925 1580 1147 1620 eruditione
1169 1579 1360 1625 adhibita,
1382 1579 1696 1619 commendatur.

329 1655 434 1695 1714
462 1648 636 1688 Parisiis.
659 1653 697 1687 8.
728 1661 817 1686 cum
843 1646 947 1687 notis
965 1645 1069 1686 Justi
1088 1645 1225 1698 Lipsii.

330 1720 435 1760 1717
464 1714 566 1753 Cum
585 1713 648 1752 J0.
670 1713 817 1764 Georg.
840 1711 1010 1751 Walchii
1031 1724 1176 1750 comm.
1198 1710 1246 1750 ad
1271 1709 1431 1749 modum
1451 1709 1625 1750 Minellii.
1647 1709 1806 1762 Lipsiae,

380 1791 446 1831 ap.
464 1777 711 1818 Weidmann.
738 1784 798 1818 12.
829 1776 1026 1829 Repetitio
1053 1776 1118 1815 ed.
1145 1781 1262 1821 171‘2.

328 1849 432 1890 1718
463 1842 639 1882 Londini.
662 1848 726 1883 12.
747 1854 884 1880 recusa
903 1841 967 1879 ed.
990 1840 1116 1879 Mich.
1138 1839 1352 1878 Maittaire.

328 1914 434 1956 1719
462 1909 511 1947 C.
532 1907 670 1946 Velleii
685 1906 882 1946 Paterculi
902 1920 991 1958 quae
1013 1910 1224 1957 supersunt
1236 1918 1284 1943 ex
1305 1904 1475 1943 historiae
1490 1905 1679 1944 Romanae
1697 1907 1809 1946 volu-

380 1973 554 2013 minibus
570 1971 741 2019 duobus,
759 1985 849 2012 cum
870 1970 1032 2023 integris
1052 1970 1223 2017 scholiis,
1244 1970 1361 2017 notis,
1377 1970 1492 2009 variis
1508 1970 1756 2018 lectionibus,
1768 1978 1808 2011 et

382 2037 784 2079 animadversionibus
804 2037 1027 2083 doctorum,
1049 2042 1212 2075 curante
1233 2037 1339 2074 Petr.
1360 2037 1600 2074 Burmanno.
1624 2035 1806 2088 Lugduni

381 2106 473 2144 Bat.
495 2104 780 2156 8.—-Repetita
811 2109 872 2142 est
891 2103 975 2141 haec
996 2101 1117 2141 editio
1150 2107 1240 2153 post
1260 2100 1472 2139 Burmanni
1492 2101 1644 2139 obitum
1665 2100 1806 2140 eodem

380 2170 473 2210 loco
495 2175 613 2216 1744.
642 2183 731 2209 cum
761 2168 867 2207 notis
896 2167 1020 2214 novis,
1055 2180 1151 2218 quas
1171 2166 1332 2219 margini
1352 2165 1535 2205 editionis
1557 2178 1637 2203 suae
1657 2165 1808 2216 ascrip-

382 2242 497 2284 serat,
515 2237 556 2275 in
575 2235 719 2289 quibus
739 2235 859 2274 etiam
879 2246 1001 2272 novas
1020 2232 1262 2271 eruditorum
1285 2230 1547 2281 conjecturas,
1568 2243 1659 2281 quae
1677 2231 1714 2268 ci
1740 2230 1808 2269 de-

380 2300 474 2341 inde
500 2302 764 2347 innotuerant,
784 2299 933 2345 laudat,
962 2311 1000 2336 v.
1032 2311 1069 2337 c.
1100 2295 1363 2341 Warburtoni,
1393 2294 1535 2334 nullius
1566 2294 1647 2334 fere
1679 2295 1808 2346 pretii,

382 2366 551 2414 Eruditi‚
567 2366 684 2419 quiin
701 2365 814 2405 Actis
834 2364 957 2403 Erud,
975 2363 1086 2414 Lips.
1107 2368 1221 2408 1721.
1251 2360 1578 2400 Burmannianam
1591 2359 1806 2399 editionem

381 2430 631 2484 dijudicavit,
650 2437 689 2470 et
704 2429 861 2470 Christii
881 2428 919 2467 in
939 2429 1059 2468 Noct.
1080 2428 1208 2467 Acad.
1239 2429 1360 2479 Spec.
1379 2437 1413 2464 1.
1453 2427 1702 2465 Burmannus
1721 2425 1808 2477 ipse

382 2496 436 2536 ab
455 2496 626 2536 editione
645 2496 783 2547 prima,
814 2493 882 2532 ubi
911 2493 1126 2532 tolerabilis
1144 2493 1263 2532 lectio
1284 2491 1359 2530 sibi
1379 2490 1590 2536 videretur,
1621 2489 1728 2530 haud
1747 2503 1807 2530 re-

384 2561 548 2601 cessisse
567 2560 788 2614 profitetur,
811 2572 889 2597 non
909 2563 1040 2597 tamen
1060 2556 1253 2597 abstinuit
1272 2569 1314 2595 se
1334 2567 1357 2594 a
1376 2554 1611 2606 recipiendis
1630 2555 1806 2606 priorum

384 2626 625 2674 criticorum,
657 2624 887 2664 Basileensis
911 2623 1069 2662 editoris
1090 2623 1270 2669 maxime,
1292 2619 1547 2672 conjecturis,
1582 2619 1650 2658 ubi
1669 2618 1805 2659 vitium

383 2689 564 2730 editionis
583 2690 685 2729 illius
703 2688 956 2728 manifestum
975 2694 1070 2727 erat.
1130 2689 1174 2726 In
1199 2687 1300 2726 notis
1318 2692 1357 2726 et
1376 2684 1584 2724 lectionem
1603 2683 1807 2735 antiquam

386 2755 636 2808 priorumque
655 2754 812 2794 inventa
832 2754 908 2793 sub
920 2766 1082 2792 examen
1095 2758 1227 2799 vocat,
1247 2759 1287 2791 et
1305 2763 1445 2798 novas,
1463 2749 1501 2788 in
1517 2749 1659 2800 quibus
1673 2754 1805 2788 autem

386 2832 551 2859 acumen
572 2821 714 2872 saepius
748 2819 1007 2868 desideratur,
1040 2817 1330 2859 emendationes
1351 2814 1515 2868 profert,
1535 2819 1574 2853 et
1593 2812 1805 2854 dictionem

1993 854 2008 911 js?

1998 921 2008 971 ²4

1994 977 2008 1047 ,ἧς

1994 1058 2008 1115 ξ

1999 1326 2008 1348 ..Δ
2002 1295 2003 1300 Α
1995 1182 2008 1268 ...v-15.
1999 1127 2008 1171 nrm
