2008 3210
323 235 410 279 408

320 341 406 373 vitae
424 339 624 373 tolerabilis.
667 341 780 373 Status
794 341 870 374 heic
893 345 947 373 est
973 350 1030 373 no-

324 401 403 424 men
427 390 691 432 substantivum,
713 401 781 424 non
810 392 1030 433 adjectivum.

326 442 442 475 Livius
469 442 528 473 lib.
552 450 644 473 xxv.
667 451 743 483 cap.
760 445 812 474 17.
836 443 846 459 ‘
863 442 895 474 Si
912 451 980 474 uon
995 441 1032 473 li-

324 492 441 525 bertas
469 491 635 524 servitute
669 492 784 532 potior
814 492 880 532 sit,
916 497 1033 524 tamen

325 543 419 576 omni
435 543 597 585 praesenti
618 547 712 575 statu
726 553 822 584 spem
838 543 960 586 cuique
974 552 1034 575 no-

326 595 431 627 vandi
447 604 501 626 res
515 604 592 626 suas
608 594 819 627 blandiorem
834 593 932 626 esse.5
950 593 1035 626 Gru-

325 649 424 678 terus.
447 644 593 685 Statum]
605 644 663 676 Ita
677 648 789 677 status
804 643 933 686 publici
945 653 1035 676 com-

327 695 473 733 mutatio
490 704 532 727 ιι.
548 697 600 727 35.
616 694 730 727 odisse
747 698 875 727 statum
887 703 1036 736 praesen-

328 749 400 778 tem
420 755 462 777 11.
478 748 533 777 91.
557 745 687 777 nullum
711 748 842 777 statum
867 744 1034 776 habentes

328 807 373 830 ιι.
387 800 442 829 72.
463 797 513 829 ita
525 800 654 829 statum
675 795 925 838 concupiscere
947 804 987 827 11.
1002 797 1035 828 2.

330 847 508 879 -Boeclerus
588 871 590 875 .

374 898 465 930 CAP.
490 900 545 930 ⁷3.
582 896 784 938 Cogitatione
824 895 920 937 celer]
959 896 1036 928 Pri-

329 949 435 981 mitus
461 948 562 989 editi,
582 949 739 989 cogitator
756 947 847 980 celer.
894 948 1037 980 Certum

330 999 413 1031 mihi
442 999 606 1038 scribere,
639 998 796 1031 concitatu
819 1000 911 1031 celer.
968 998 1037 1029 De-

331 1060 486 1092 pressum
508 1050 599 1082 enim
620 1050 676 1082 hic
691 1050 817 1092 ubique
832 1050 1038 1092 Pompeium

329 1101 434 1139 istum
449 1100 601 1132 Velleius
617 1100 657 1141 it,
677 1109 800 1132 revera
819 1100 933 1141 vilem,
960 1100 1038 1131 bar-

333 1151 427 1190 dum,
449 1155 486 1183 et
501 1151 593 1193 patri
608 1150 880 1184 dissimillimam
893 1151 1038 1193 prolem.

333 1203 382 1235 Et
394 1202 461 1235 fuit
482 1212 605 1235 revera
619 1202 795 1235 concitatu
808 1203 913 1242 celer,
930 1201 1039 1244 magis

332 1264 435 1296 quam
450 1253 603 1295 cogitatu
629 1252 739 1296 (quod
764 1253 801 1285 in
823 1253 960 1286 laudem
983 1263 1040 1285 va-

333 1303 443 1346 leatz)
474 1304 510 1335 id
539 1308 606 1345 est,
642 1302 789 1344 ὀξύθυμος
827 1308 865 1336 et
903 1302 1042 1346 ὀργίλος.

333 1354 472 1397 Lipsius.
533 1355 733 1395 Cogitatione
761 1353 857 1395 celer]
896 1354 939 1386 In
974 1358 1042 1387 vet.

334 1405 485 1447 exempl.
499 1410 585 1445 erat,
599 1405 756 1445 cogitator
771 1404 863 1437 celer.
908 1403 1044 1445 Lipsius

335 1457 469 1496 mallet,
490 1456 754 1496 concitatricem,
775 1459 813 1487 ut
834 1453 873 1486 rb
898 1453 1044 1495 ὀξύθυμον

335 1511 489 1549 notetur,
503 1506 677 1548 cogitandi
692 1506 910 1539 celeritatem
925 1506 960 1538 in
974 1506 1045 1538 lau-

337 1557 382 1590 de
403 1567 489 1590 esse.
533 1558 614 1591 Non
639 1557 845 1589 assenserim
872 1556 920 1589 ita
941 1557 1046 1598 scrip-

337 1609 422 1641 sisse
434 1608 605 1640 'Velleinm
620 1618 630 1648 ;
653 1617 732 1639 nam
747 1611 784 1640 et
799 1617 892 1640 manu
904 1611 1047 1649 promtus

336 1659 373 1692 in
388 1658 490 1702 laude
505 1663 570 1699 est,
580 1657 672 1700 quod
684 1662 800 1690 tamen
812 1657 867 1690 hic
879 1658 1047 1700 Pompeio

337 1709 524 1742 tribuitur:
551 1707 788 1750 accipiendum
803 1708 920 1752 itaque
932 1707 1049 1750 fuerit,

338 1758 409 1792 non
424 1759 484 1792 illo
503 1759 630 1791 eximio
645 1758 854 1801 significatu,
877 1769 944 1802 qno
960 1759 1050 1801 cogi-

337 1812 481 1846 tationis
496 1812 658 1845 celeritas
673 1812 811 1844 summis
838 1815 973 1844 tantum
999 1812 1049 1843 in-

341 1864 452 1906 geniis
466 1863 650 1904 convenit,
662 1862 799 1895 sedilia
813 1863 927 1895 media
951 1866 1048 1895 nota-

339 1916 448 1956 tione,
469 1925 538 1958 qua
560 1914 693 1948 consilii
717 1914 976 1957 qualiscumque
991 1923 1048 1946 ca-

339 1966 459 2009 piendi
485 1970 523 1998 et
548 1964 758 1998 decernendi
781 1964 990 2006 volubilitas,
1010 1968 1050 1997 ut

340 2017 391 2050 sic
406 2017 532 2058 dicam,
543 2016 736 2048 indicetur:
752 2025 854 2057 quam
869 2024 935 2057 ego
948 2014 1051 2047 animi

343 2068 496 2110 audacis,
522 2067 689 2110 inquieti,
705 2065 893 2108 praecipitis
919 2066 1051 2108 prolem

343 2119 502 2152 differim.
525 2118 668 2151 Boecler.
871 2154 873 2156 Ι

348 2195 353 2203 .
387 2170 470 2202 Post
477 2167 611 2202 Antonii
620 2178 640 2199 a
649 2167 780 2200 Mutina
785 2166 918 2209 sugam]
927 2168 1054 2210 Vulgo,

338 2224 411 2264 post
425 2218 774 2260 Antonianumfugam.

345 2299 352 2310 τ
388 2271 545 2304 Pn'mtz‘cis
556 2269 737 2311 sceleribus]
754 2269 958 2312 Cogitabam
973 2270 1054 2302 levi-

344 2326 400 2356 ter
413 2332 469 2366 *an
484 2322 640 2364 ,piraticis
662 2321 821 2354 celos-ibus.
863 2321 1055 2362 angatum

344 2379 463 2417 tamen
479 2373 572 2406 absit
587 2377 627 2405 ut
641 2372 812 2405 damnem.
827 2370 964 2413 Lipsius.
996 2371 1055 2403 Pi-

344 2426 457 2458 raticis
481 2423 661 2464 sceleribus]
692 2424 772 2456 Non
800 2422 943 2455 damnat
967 2421 1055 2454 hanc

345 2476 530 2509 lectionem
561 2475 709 2517 Lipsius,
769 2473 915 2506 Leviter.
940 2477 1056 2505 tamen

347 2527 553 2574 suspicatur,
561 2525 708 2569 piraticis
717 2524 879 2565 edacibus,
889 2523 1057 2566 scriptum

345 2578 453 2611 fuisse
482 2577 629 2620 Velleio.
681 2576 785 2610 Quod
814 2575 962 2617 probare
989 2585 1058 2608 non

349 2639 504 2672 possum.
537 2629 641 2673 ’Nam
661 2627 671 2646 ‘
687 2626 810 2668 celox,'
825 2627 930 2669 juxta
951 2625 1057 2659 Gelli-

348 2689 420 2721 um,
443 2679 608 2720 Nonium,
632 2678 864 2720 Fulgentium,
894 2681 932 2709 et
959 2677 1058 2721 alios,

350 2731 458 2769 breve
468 2735 505 2762 et
516 2730 678 2772 exiguum
689 2728 815 2770 navigii
825 2738 946 2770 genus.
978 2727 1061 2761 Non

353 2784 468 2814 sutem
480 2780 691 2823 Pompeium,
699 2779 886 2821 celocibus,
895 2783 956 2812 aut
966 2788 1060 2821 myo-

351 2829 553 2874 paronibus,
572 2829 633 2864 sed
663 2829 859 2864 triremibus
874 2833 912 2863 et
925 2828 1062 2873 quadri·

624 247 767 278 NOTAE
800 245 1070 278 vamonuM
1104 245 1156 278 IN
1191 246 1478 279 PATERCUM

1080 340 1243 381 remibus,
1273 350 1366 373 mare
1394 340 1588 381 infestasse,
1619 339 1703 373 satis
1731 343 1789 373 est

1081 391 1312 425 manifestum.
1367 392 1522 433 Idcirco,
1538 393 1548 410 ‘
1573 391 1704 433 piratas
1729 401 1788 424 na-

1082 442 1199 483 vales:
1215 443 1249 475 ei
1264 442 1425 476 attribuit
1436 444 1556 476 Florus
1573 437 1695 477 libsiv.
1711 452 1789 484 cap.

1082 496 1113 527 8.
1135 498 1175 526 ut
1191 494 1278 527 bene
1294 494 1370 526 aliis
1384 494 1616 527 observatum.
1660 494 1790 525 lacum

1083 544 1192 585 Flori,
1216 544 1322 587 quiin
1338 543 1442 576 editis
1466 542 1718 585 exemplaribus
1738 541 1792 575 ‹li-

1084 604 1183 627 verse
1207 595 1346 635 legitnr,
1375 594 1426 627 ita
1451 593 1670 626 scribendum
1701 592 1792 626 arbi·

1083 649 1178 678 tror:
1201 646 1211 663 ‘
1228 645 1261 677 0
1277 645 1550 688 quam-diversus
1565 655 1586 677 a
1601 645 1717 686 patre!
1734 644 1792 677 ille

1085 695 1213 728 Cilicas
1229 695 1441 735 extinxerat,
1462 695 1562 727 hicce
1578 695 1710 736 piratas
1732 703 1793 726 na-

1084 747 1177 778 vales
1203 746 1358 787 agitare?
1402 746 1507 787 Cujus
1530 745 1677 787 vestigia
1702 754 1793 778 com-

1085 797 1264 838 parentin
1286 796 1417 838 optimo
1434 796 1522 828 Mss.
1544 796 1796 828 codicum‘Na·

1034 865 1038 871 -
1086 847 1213 888 zarino,
1226 846 1261 879 in
1277 856 1346 889 quo
1356 846 1435 888 fuit,
1447 846 1532 878 hisce
1551 846 1795 887 piratammtis

1084 897 1222 937 agitare.
1267 896 1383 939 Aquo
1398 896 1575 928 minimum
1598 895 1728 928 abeunt
1743 905 1795 928 re-

1086 947 1171 989 liqui
1196 947 1282 979 Mss.
1307 950 1346 978 ut
1373 956 1416 978 ex
1440 946 1482 978 iis
1523 955 1718 988 cognoscas,
1738 946 1796 989 qui

1088 998 1259 1031 variantes
1273 997 1440 1030 lectiones
1455 997 1639 1038 collegere.
1664 997 1753 1030 Voss.

1130 1049 1220 1082 Cu».
1230 1051 1285 1082 74.
1301 1049 1427 1090 Quippe
1441 1047 1483 1080 L.
1494 1046 1669 1088 Antonius]
1681 1046 1799 1089 Scrip-

1088 1109 1165 1133 sere
1179 1101 1243 1132 hoc
1258 1100 1398 1139 bellum,
1418 1108 1503 1142 quos
1520 1098 1565 1130 ad
1589 1099 1682 1131 Flor.
1695 1107 1749 1130 iv.
1764 1101 1797 1130 5.

1089 1151 1231 1184 Camers
1255 1151 1406 1190 notavit3
1431 1149 1556 1192 quibus
1583 1148 1672 1181 adde
1694 1148 1801 1181 Dion.

1090 1210 1223 1235 xnvnr.
1247 1202 1355 1234 Boecl.
1489 1235 1491 1237 ,
1662 1224 1677 1235 ,-

1097 1281 1107 1284 -
1139 1253 1313 1292 Virtutum,
1325 1262 1394 1294 quoe
1408 1251 1568 1284 interdum
1581 1251 1616 1283 in
1629 1251 1686 1283 illo
1694 1253 1802 1292 nant,

1090 1304 1217 1346 expers]
1256 1305 1385 1336 Rarum
1401 1303 1546 1346 -qnippe
1571 1303 1581 1320 ‘
1598 1306 1803 1342 monstrum,

1091 1356 1187 1387 nulla
1211 1355 1340 1388 virtute
1364 1353 1584 1396 redemptum
1596 1353 1617 1393 ;’
1647 1352 1712 1384 boc
1734 1356 1802 1393 est,

1093 1408 1241 1450 aliquem
1276 1406 1368 1438 vitiis
1403 1406 1606 1438 omnimodis
1637 1404 1802 1438 infamem

1094 1468 1180 1501 esse,
1201 1467 1312 1501 neque
1323 1458 1396 1490 ullo
1411 1455 1719 1489 commendabilem
1733 1465 1805 1488 me·

1094 1509 1180 1542 rito:
1212 1508 1304 1541 unde
1331 1507 1490 1540 Tiberius
1520 1507 1611 1548 apud
1641 1506 1804 1538 Tacitum

1095 1560 1221 1594 Annal.
1234 1560 1294 1592 lib.
1306 1569 1332 1592 1.
1346 1569 1423 1601 cap.
1432 1562 1488 1592 46.
1499 1559 1556 1591 ⁴C.
1570 1558 1700 1591 Caesari
1715 1557 1807 1591 forte

1097 1615 1176 1644 orto
1206 1619 1365 1643 sermone
1394 1610 1434 1642 1..
1457 1609 1589 1642 Sullam
1613 1608 1805 1648 inridenti3

1096 1662 1210 1695 omnia
1220 1662 1324 1694 Sullae
1338 1661 1439 1703 vitia,
1453 1665 1489 1694 et
1505 1662 1632 1694 nullam
1647 1660 1805 1703 ejusdem

1098 1713 1263 1746 virtutem
1283 1712 1480 1744 habiturum
1507 1711 1692 1753 praedixit?
1734 1712 1806 1745 Ubi

1097 1773 1159 1796 nos
1174 1763 1219 1795 de
1234 1762 1298 1795 hac
1315 1771 1352 1794 re
1368 1761 1539 1796 uberiora.
1576 1761 1626 1795 At
1640 1762 1685 1795 de
1698 1763 1807 1796 Lucio

1097 1815 1164 1847 isto
1180 1814 1344 1856 Antonio,
1358 1813 1478 1846 eadem
1494 1813 1597 1855 plane
1613 1812 1751 1855 prodita
1766 1814 1808 1847 1..

1097 1866 1201 1898 Floro
1217 1864 1276 1898 lib.
1291 1874 1343 1897 ιν.
1366 1874 1445 1906 cap.
1469 1868 1502 1896 ⁵.
1524 1866 1534 1883 ‘
1557 1865 1702 1907 Semper
1725 1865 1809 1897 alias

1098 1916 1138 1949 L.
1154 1915 1299 1948 Antonii
1322 1915 1507 1958 pessimum
1531 1915 1811 1957 ingenium-Ful-

1098 1968 1166 2008 via,
1189 1967 1304 2009 gladio
1320 1967 1436 2000 cincta
1456 1967 1562 1999 virilis
1577 1967 1723 2008 militiae,
1737 1967 1810 2009 agi-

1100 2016 1218 2049 tabat!
1256 2015 1357 2049 Adeo
1373 2021 1412 2049 ut
1427 2017 1543 2058 mirer,
1558 2017 1668 2049 virum
1682 2017 1810 2050 artium

1099 2067 1220 2099 harum
1236 2066 1483 2109 peritissimum
1498 2076 1539 2098 eo
1561 2067 1628 2099 loci
1642 2076 1811 2109 reponere

1098 2118 1290 2161 piissimum,
1311 2127 1423 2159 neque
1449 2118 1541 2150 enim
1563 2118 1653 2150 nllus
1675 2118 1813 2151 omnino

1104 2174 1284 2202 anctorum
1300 2167 1421 2201 laudat
1433 2168 1588 2209 Lucium,
1603 2168 1670 2201 nisi
1685 2167 1814 2211 Appia-

1104 2229 1287 2252 nusz1nec
1314 2223 1430 2252 tamen
1457 2218 1486 2251 is
1512 2219 1728 2261 simpliciter,¹
1749 2219 1812 2252 sed

1105 2278 1276 2316 quatenus
1291 2273 1479 2306 arbitratur
1492 2272 1621 2305 bellum
1633 2274 1815 2310 excitasse,

1104 2333 1172 2357 non
1188 2323 1404 2357 stabiliendae
1420 2333 1491 2356 suae
1503 2323 1669 2365 potentiae
1681 2333 1816 2362 caussa,

1104 2383 1223 2406 verum
1239 2373 1454 2405 vindicandas
1470 2373 1506 2404 in
1516 2373 1702 2415 pristinam
1714 2374 1816 2406 liber·

1106 2430 1215 2458 tatem
1228 2424 1375 2465 Reipub.
1397 2424 1574 2465 Ceterum,
1583 2429 1620 2456 et
1631 2424 1681 2456 illi
1693 2423 1818 2456 fallun-

1107 2480 1176 2516 tur,
1198 2475 1258 2518 qui
1284 2474 1443 2506 interdum
1468 2474 1545 2506 heic
1571 2474 1664 2506 idem
1694 2478 1816 2507 notare

1108 2527 1240 2567 volunt,
1263 2525 1355 2567 quod
1375 2524 1524 2557 interim:
1545 2523 1818 2567 nonprofectoz

1108 2581 1148 2610 ut
1176 2577 1290 2618 palam
1321 2575 1466 2608 facimus
1492 2576 1549 2608 ad.
1571 2576 1684 2609 locum
1705 2575 1819 2608 ‘heiti

1109 2627 1202 2660 Hist.
1228 2626 1288 2659 lib.
1311 2636 1337 2659 1.
1362 2636 1440 2668 cap.
1456 2629 1511 2659 71.
1533 2629 1544 2646 ‘
1561 2626 1657 2659 Otho
1677 2625 1819 2657 interim

1109 2682 1232 2712 contra
1269 2686 1367 2719 spem
1397 2675 1659 2717 omniumsnon
1687 2674 1820 2708 deliciis

1110 2738 1224 2772 neque
1239 2727 1374 2761 desidia
1388 2731 1607 2768 torpescere:
1632 2725 1750 2758 dilatae
1761 2730 1822 2757 ‘vo-

1110 2781 1277 2823 luptates‚
1322 2778 1538 2811 dissimulata
1577 2776 1741 2815 luxuria;
1768 2778 1822 2808 ·et

1111 2834 1238 2865 cuncta
1253 2829 1297 2867 ad
1313 2829 1476 2863 decorem
1498 2826 1636 2870 imperii
1650 2826 1821 2869 composi-
