2002 3250
655 717 1379 782 PROLEGOMENA

989 888 1043 921 IN

484 1029 549 1076 C.
596 1027 972 1077 VELLEIUM
1020 1021 1545 1076 PATERCULUM.

997 1409 1035 1456 1.

569 1547 633 1577 DE
667 1547 710 1576 C.
745 1544 949 1575 VELLEM
986 1542 1274 1575 PA'I'ERCUL!
1311 1543 1447 1575 vl'rA.

270 1651 351 1710 C·
375 1667 592 1710 VELLEH
612 1666 912 1709 ΡΑΤΕιιουω
943 1678 1126 1718 nomen,
1149 1666 1234 1708 sub
1253 1676 1342 1721 quo
1362 1665 1630 1721 opusculum
1649 1665 1751 1722 ejus

268 1737 532 1780 historicum
553 1734 874 1785 circumfertur,
906 1749 931 1776 e
965 1734 1136 1777 Codice
1165 1734 1283 1789 ipso,
1304 1746 1452 1789 eoque
1470 1734 1620 1787 unico,
1643 1748 1752 1778 con-

268 1806 399 1856 stitit,
429 1817 519 1847 non
549 1804 730 1860 quidem
760 1818 819 1846 ex
848 1803 996 1846 indice
1028 1802 1236 1858 praefixo,
1265 1801 1389 1859 (nam
1409 1816 1438 1845 a
1455 1803 1598 1847 fronte
1618 1804 1753 1847 muti·

265 1873 336 1915 lus
355 1877 451 1916 erat
467 1873 579 1916 liber
608 1870 823 1928 scriptus)
852 1872 931 1915 sed
962 1884 1021 1914 ex
1051 1871 1346 1926 inscriptione
1374 1871 1448 1914 vel
1479 1872 1752 1927 singularum

265 1941 547 1996 paginarum,
577 1942 648 1984 vel
676 1941 779 1984 libri
809 1941 1080 1997 posterioris.
1140 1940 1254 1982 Eam
1285 1943 1468 1983 secutus
1490 1939 1750 1994 Rhenanus,

265 2010 472 2065 princeps
492 2010 665 2056 Velleii
695 2010 854 2062 editor,
886 2010 1089 2064 singulas
1117 2009 1309 2064 paginas
1339 2008 1546 2051 editionis
1576 2023 1670 2052 suae
1693 2009 1749 2053 C.

264 2075 431 2122 Velleii
467 2078 693 2122 Paterculi
725 2078 904 2122 nomine
935 2078 1178 2133 inscripsit,
1215 2077 1418 2130 Burerio,
1453 2079 1549 2121 viro
1579 2078 1626 2120 in
1655 2078 1750 2121 edi-

264 2146 389 2190 tione
403 2146 548 2203 prima
578 2161 680 2190 cum
710 2146 878 2190 Codice
909 2147 1064 2190 iterum
1095 2146 1382 2199 conferenda,
1404 2146 1594 2203 ejusque
1614 2160 1749 2203 quam

262 2216 444 2260 minima
472 2230 501 2259 a
530 2218 697 2272 scripto
727 2217 1007 2260 aberratione
1029 2215 1227 2259 notanda
1249 2215 1610 2269 diligentissimo,
1641 2216 1749 2260 nihil

264 2284 606 2329 contradicente.
667 2285 754 2327 Sed
788 2284 973 2328 Codicis
1004 2284 1326 2327 auctoritatem
1349 2283 1547 2326 deseruit
1568 2283 1748 2327 Rhena-

264 2365 350 2393 nus
370 2354 415 2394 in
436 2353 582 2395 indice
600 2353 806 2396 editionis
827 2366 924 2395 suae
948 2353 1174 2394 scribens:
1206 2354 1220 2373 ‘
1243 2351 1298 2394 P.
1320 2351 1486 2393 Velleii
1518 2351 1748 2396 Paterculi

263 2419 482 2463 Historiae
504 2421 726 2463 Romanae
749 2421 849 2463 Lib.
871 2419 954 2464 II.’
1015 2420 1232 2463 Nostrum
1253 2420 1425 2462 scilicet
1445 2433 1546 2463 cum
1566 2420 1623 2464 Ρ.
1637 2420 1750 2463 Vel-

262 2487 368 2540 leio,
390 2490 618 2531 exercitus
640 2489 700 2531 R.
724 2489 770 2530 in
789 2488 984 2531 Thracia
1005 2502 1044 2531 a.
1066 2488 1127 2531 U.
1148 2488 1200 2531 C.
1221 2489 1324 2531 774.
1349 2489 1546 2544 praeside
1576 2488 1745 2545 (Tacit.

261 2553 378 2599 Ann.
408 2567 484 2600 111.
519 2557 592 2600 37.
623 2560 669 2599 et
696 2554 795 2612 39.)
824 2559 1109 2611 permutans3
1142 2570 1246 2611 quae
1277 2556 1458 2611 quidem
1488 2558 1747 2614 conjectura

260 2627 306 2666 et
342 2623 542 2677 Burerio,
572 2625 686 2668 nihil
716 2629 871 2668 contra
900 2625 1116 2676 monenti,
1147 2625 1378 2680 placuisse
1400 2625 1593 2669 videtur.
1653 2625 1745 2668 Sed

260 2692 440 2736 etiamsi
466 2693 714 2736 Rhenanus
744 2694 952 2748 Lipsium
980 2698 1024 2736 et
1054 2693 1391 2746 Ruhnkenium‚
1421 2697 1471 2736 ut
1492 2698 1660 2737 ceteros
1678 2697 1744 2737 ta-

261 2773 404 2811 ceam,
425 2761 658 2804 sententiae
681 2774 775 2804 suae
797 2760 994 2804 fautores
1013 2761 1204 2815 habeat;
1234 2762 1438 2817 equidem
1453 2766 1615 2814 tamen,
1631 2775 1744 2817 pon-

261 2827 424 2871 deratis
443 2829 732 2884 argumentis,
752 2829 979 2885 Ryckium
998 2829 1150 2885 potius
1168 2833 1213 2873 et
1232 2829 1483 2882 Ernestum,
1505 2831 1582 2886 qui
1602 2830 1744 2874 alium

260 2896 496 2950 quendam,
533 2911 669 2953 quam
701 2901 904 2943 nostrum
933 2898 1211 2952 historicum,
1245 2912 1273 2942 a
1312 2895 1478 2943 Tacito
1514 2898 1744 2944 laudatum
