2002 3250
283 274 342 321 30
827 284 1222 320 PnonncoMnNA.

283 385 388 435 tem,
409 382 724 435 fortitudinem,
757 382 999 439 ingenium,
1030 385 1235 441 inprimis
1266 384 1334 428 Μ.
1354 385 1498 438 Bruti,
1533 385 1766 443 insigniter

284 452 500 505 celebrat,
521 453 828 509 fortunamque
850 468 1004 497 eorum
1027 468 1130 497 cum
1159 455 1284 509 gravi
1306 469 1441 499 sensu
1458 459 1654 508 enarrat,
1673 454 1775 506 vich

269 532 342 566 -¹1.
369 521 441 565 35.
462 522 534 565 58.
554 522 626 565 69.
646 522 720 565 72.
751 536 896 578 neque
931 528 1097 576 tamen,
1130 536 1236 579 quae
1256 524 1549 580 vituperanda
1577 529 1703 569 erant
1720 525 1769 568 in

268 589 474 643 -Catone,
515 592 674 635 reticet
702 591 816 648 (vid.
841 603 894 635 11.
916 593 991 634 45.
1012 589 1125 647 49.),
1155 596 1200 635 et
1229 606 1538 648 percussorum
1569 593 1767 638 Caesaris

282 659 500 715 ingratum
523 661 721 702 animum
741 666 879 716 atque
910 674 1098 704 causam
1127 662 1363 717 improbat.
1424 662 1624 708 Caesaris
1650 661 1770 707 adeo

283 741 456 772 errores
491 734 538 771 et
569 728 912 784 imprudentiam
946 731 1090 785 tangit
1127 730 1207 787 (11.
1237 731 1310 774 35.
1329 732 1400 774 44.
1419 732 1491 774 45.
1512 732 1586 774 56.
1615 729 1768 787 extu),

283 810 427 853 neque
448 811 517 850 ea,
551 811 655 853 quae
676 797 884 852 Augusto
903 798 1118 854 imputari
1151 802 1368 854 poterant,
1401 804 1448 842 et
1482 814 1511 842 a
1544 793 1767 850 nonnullis

282 879 386 910 vere
423 867 770 922 imputabantur,
807 868 984 911 silentio
1016 869 1314 924 praetermisit.
1387 869 1496 912 Vid.
1520 881 1575 913 11.
1602 869 1675 912 66.
1694 869 1767 913 74.

284 935 379 979 Sed
395 936 444 978 in
463 935 534 979 his
553 935 687 979 rebus
708 936 954 979 tractandis
985 950 1042 979 ea
1060 941 1153 980 arte
1174 950 1281 979 usus
1310 942 1390 989 est,
1418 938 1610 993 primum
1641 941 1693 983 ut
1721 938 1769 980 in

283 1004 555 1048 adversariis
577 1004 775 1048 Caesaris
802 1005 985 1047 nimiam
1019 1004 1200 1047 caveret
1231 1006 1424 1057 laudem,
1457 1020 1680 1062 quamque
1709 1006 1768 1050 iis

282 1073 508 1125 tribueret,
550 1086 646 1116 eam
687 1074 807 1116 haud
837 1074 1056 1115 immerita
1100 1075 1428 1130 vituperatione
1474 1079 1767 1130 temperaret3

283 1141 446 1184 deinde
465 1146 514 1184 ut
535 1141 767 1184 Caesarum
779 1155 952 1184 errores
973 1141 1203 1184 lenissime
1223 1147 1424 1197 tangeret
1443 1143 1554 1199 (vid.
1579 1155 1633 1186 11.
1651 1141 1769 1201 35.);

283 1213 375 1258 tum
395 1215 445 1254 ut
465 1224 631 1263 eorum,
665 1224 766 1266 quae
787 1210 835 1252 hi
857 1210 1156 1265 deliquerant,
1186 1212 1368 1267 culpam
1395 1211 1442 1254 in
1463 1212 1578 1255 alios
1598 1213 1768 1268 relega·

283 1282 349 1322 ret
376 1278 494 1335 (vid.
512 1279 587 1321 50.
607 1279 679 1322 56.
699 1283 813 1322 extr.
843 1279 916 1321 66.
938 1276 1057 1334 74.);
1090 1278 1282 1334 denique
1314 1280 1360 1321 in
1394 1281 1464 1323 his
1499 1281 1679 1324 omnino
1699 1282 1768 1326 fa·-

282 1361 402 1391 mam
415 1348 677 1404 judiciaque
710 1348 826 1390 aulae
861 1353 1129 1403 sequeretur.
1188 1348 1500 1392 Certissimum
1539 1351 1656 1393 enim
1688 1354 1769 1404 est,

283 1414 540 1471 Augustum
560 1415 864 1471 imprudenter
884 1416 1006 1459 sacta
1024 1416 1054 1458 J
1058 1417 1140 1459 ulii
1160 1416 1359 1460 Caesaris
1380 1418 1677 1473 improbasse,
1698 1433 1769 1462 se-

284 1484 479 1540 duloque
499 1485 692 1527 cavisse.
755 1485 958 1540 Sequens
989 1485 1053 1528 ita
1083 1486 1198 1528 aulae
1234 1485 1400 1528 famam
1431 1491 1567 1543 atque
1590 1488 1770 1544 judicia

283 1552 488 1596 Velleius
520 1554 656 1596 duces
682 1566 863 1609 quoque
882 1554 1040 1597 habuit
1071 1556 1329 1611 scriptores,
1364 1557 1560 1600 maxime
1590 1557 1767 1612 poetas,

283 1623 372 1665 aevi
404 1621 656 1677 Augustei3
706 1635 851 1677 neque
883 1637 1080 1678 unquam
1116 1638 1222 1667 sane
1257 1626 1401 1680 magis
1447 1626 1625 1669 consilii
1657 1632 1769 1680 erat,

285 1705 442 1734 eorum
462 1691 744 1746 prudentiam
764 1692 940 1744 imitari,
959 1706 1095 1747 quam
1112 1694 1195 1736 sub
1209 1694 1396 1746 Tiberii,
1415 1695 1770 1750 suspicacissimi

284 1764 332 1804 et
353 1760 596 1803 saevissimi
615 1761 819 1812 hominiS,
838 1761 1044 1816 imperio.
1106 1762 1230 1805 Huic
1250 1776 1358 1805 vero
1372 1763 1436 1805 rei
1451 1776 1499 1807 se
1519 1763 1768 1816 studuisse,

282 1829 487 1885 inprimis
509 1829 555 1871 in
575 1829 771 1872 virorum
804 1830 1023 1884 personis,
1057 1831 1214 1873 invisis
1236 1830 1433 1882 Tiberio,
1464 1831 1767 1887 dijudicandis

282 1898 384 1952 ipse
403 1897 554 1952 prodit
582 1897 659 1954 (11.
680 1898 754 1940 93.
776 1911 843 1953 sq.
861 1898 935 1940 97.
957 1897 1212 1954 102.121.)‚
1242 1912 1298 1941 ne
1319 1900 1452 1953 igitur
1471 1900 1770 1943 dubitandum

267 1967 358 2019 sit,
381 1968 552 2010 eumin
571 1967 755 2022 reliquis
777 1966 913 2008 etiam
947 1980 1006 2009 ex
1040 1967 1156 2011 aulae
1190 1968 1409 2010 sententia
1441 1982 1571 2011 suam
1599 1972 1769 2025 tempe-

284 2047 425 2079 rasse.
485 2034 540 2078 Id
562 2048 671 2078 sane
691 2035 738 2077 in
759 2034 916 2091 Sejani
947 2036 1158 2078 laudibus
1192 2038 1481 2092 perspicuum
1514 2042 1607 2091 est3
1637 2038 1768 2094 cujus

283 2104 426 2159 gratia
446 2104 568 2159 apud
596 2103 828 2146 Tiberium
859 2105 1060 2147 florentis
1090 2109 1294 2160 tempora
1314 2120 1414 2149 cum
1437 2111 1669 2159 enarraret,
1702 2120 1770 2150 re-

282 2172 528 2215 cedendum
557 2186 647 2215 non
681 2177 775 2215 erat
807 2173 1015 2228 prudenti
1048 2174 1256 2230 scriptori
1289 2188 1316 2218 a
1355 2174 1581 2230 Principis
1605 2176 1662 2218 de
1682 2175 1768 2219 hoc

283 2241 460 2284 homine
490 2241 683 2297 judici0,
716 2256 777 2285 ex
810 2242 976 2284 indolis
1011 2256 1275 2298 morumque
1307 2243 1406 2299 ejus
1427 2244 1580 2298 specie
1601 2248 1768 2301 tempe-

282 2312 394 2351 rato.
412 2308 483 2352 Of.
505 2309 652 2352 Tacit.
674 2308 734 2352 A.
757 2321 823 2351 ιν.
844 2311 884 2352 1.
907 2314 952 2352 et
969 2311 1013 2352 2.

268 2418 273 2421 ,
343 2376 495 2419 Metus
528 2390 635 2419 sane
666 2378 838 2422 Tiberii
871 2383 1009 2434 atque
1041 2379 1160 2423 aulae
1192 2382 1310 2424 rexit
1328 2381 1553 2424 Velleium
1589 2382 1635 2424 in
1659 2382 1768 2425 scri-

282 2445 443 2498 bendo,
465 2445 546 2488 sed
576 2460 664 2488 non
691 2459 870 2501 prorsus
905 2449 1104 2503 corrupit
1136 2449 1193 2490 ad
1225 2450 1418 2492 infimam
1453 2450 1765 2504 adulationem,

265 2518 328 2564 ¹et
360 2527 482 2557 verae
525 2514 725 2558 historiae
768 2515 1165 2570 depravationem3
1209 2519 1364 2572 potius
1403 2518 1594 2560 intendit
1628 2532 1766 2574 quam

283 2583 482 2630 maxime
503 2583 602 2638 ejus
624 2584 907 2638 prudentiam
929 2587 1064 2640 atque
1085 2585 1394 2636 calliditatem,
1421 2592 1482 2638 ut,
1504 2600 1603 2628 cum
1625 2587 1767 2630 semel

283 2651 426 2696 otium
447 2665 501 2694 ac
533 2652 780 2704 silentium,
816 2666 952 2708 opere
989 2666 1071 2695 suo
1101 2652 1350 2710 (incertum,
1385 2668 1471 2709 qua
1501 2655 1674 2697 ratione
1707 2654 1766 2697 ad

266 2721 572 2765 ,scribendum
592 2722 853 2777 compulsus
874 2719 954 2776 sit)
974 2726 1203 2777 suscepto,
1235 2723 1435 2776 fugisset,
1460 2724 1659 2777 periculo
1679 2736 1764 2767 suo

283 2788 471 2840 evitato,
493 2790 598 2836 fidei
617 2791 859 2842 historicae,
881 2803 1017 2846 quam
1037 2795 1195 2845 posset
1214 2791 1323 2844 fieri,
1341 2792 1637 2834 satisfaceret.
1670 2791 1764 2834 Ubi

282 2856 403 2903 enim
430 2858 488 2903 ad
518 2859 686 2905 Tiberii
706 2859 834 2906 initia
850 2859 1064 2916 pervenit,
1098 2858 1288 2915 primum
1320 2859 1518 2928 maxime
1536 2860 1657 2904 iniis
1676 2861 1765 2910 vir-
