2002 3250
347 263 434 307 114
738 288 741 290 -
785 275 829 307 c.
860 273 1068 307 venenu
1103 272 1396 306 PATERcvm

348 369 671 429 publicamusi
690 373 827 422 erant,
850 383 905 413 eo
925 370 971 413 in
991 368 1280 412 immodicam
1311 366 1588 411 crudelitatis
1608 367 1834 412 licentiam

347 453 460 495 usus
479 442 562 483 est.
612 438 793 481 Primus
813 438 890 480 ille
921 436 989 494 (et
1007 437 1174 480 utinam
1194 436 1381 479 ultimus
1395 434 1431 492 !)
1459 436 1715 493 exemplum
1733 443 1839 494 prof

348 507 606 563 scriptionis
638 506 824 558 invenit,
851 510 920 558 ut,
956 506 1003 547 in
1039 518 1131 561 qua
1160 504 1346 549 civitate
1373 505 1624 560 petulantis
1639 505 1837 549 convicii

342 576 567 634 judicium
595 574 817 617 histrioni¹
832 572 850 598 ¹³
879 575 1096 616 exacto²⁰
1124 572 1338 625 redditur,
1358 572 1405 615 in
1424 585 1480 616 ea
1503 572 1699 629 jugulati
1721 573 1837 616 civis·
1866 612 1868 615 .

352 644 562 688 Romani³
583 640 928 686 constitueretur
947 643 1341 684 auctoramentum
1354 641 1387 695 3⁴¹
1408 641 1737 698 plurimumque
1755 641 1838 685 ha·-

351 715 489 764 beret,
509 711 586 768 qui
606 710 822 766 plurimos
843 708 1161 762 interemisset3
1191 721 1334 764 neque
1354 708 1495 752 occisi
1514 709 1673 762 hostiS,
1702 722 1838 765 quam

353 781 484 833 civis,
516 779 700 823 uberius
738 779 854 822 foret
886 777 1157 834 praemium3
1198 775 1409 833 fieretque
1446 777 1638 833 quisque
1668 781 1841 820 merces

352 849 512 904 mortis
532 861 641 892 suae.
702 846 803 890 Nec
832 850 982 900 tamen
1007 846 1053 888 in
1074 858 1171 899 eos,
1190 845 1270 901 qui
1300 850 1459 889 contra
1489 859 1614 888 arma
1632 845 1839 899 tulerant,

354 918 434 962 sed
452 918 497 960 in
515 917 681 960 multos
706 915 906 958 insontes
929 914 1149 958 saevitum.
1209 912 1451 970 Adjectum
1477 914 1628 965 etiam,
1648 913 1841 962 utbona

353 985 704 1042 proscriptorum
725 983 954 1026 venirent:
988 981 1258 1037 exclusique
1287 981 1484 1037 paternis
1505 982 1672 1037 opibus
1691 981 1839 1034 liberi,

354 1054 489 1098 etiam
507 1051 801 1109 petendorum
833 1050 1053 1093 honorum
1083 1049 1184 1106 jure
1217 1050 1576 1107 prohiberentur,
1596 1050 1840 1106 simulque,-

354 1122 478 1178 quod
511 1121 868 1176 indignissimum
897 1121 980 1170 est,
1013 1121 1274 1162 senatorum
1307 1117 1389 1161 filii
1421 1122 1468 1162 et
1505 1131 1642 1163 onera
1675 1117 1841 1162 ordinis

355 1192 640 1242 sustinerent,
659 1194 716 1232 etr
720 1188 827 1245 jura
844 1185 1092 1245 perderent.
1791 1198 1796 1204 ·

412 1260 484 1304 29.
516 1259 610 1302 Sub
642 1258 886 1302 adventum
917 1256 968 1298 in
995 1255 1177 1299 Italiam
1212 1255 1264 1299 L.
1281 1256 1438 1313 SyHae,
1474 1254 1556 1299 Cn.
1576 1244 1839 1312 Pompeius,

356 1330 456 1386 ejus
491 1327 572 1371 Cn.
606 1325 819 1382 Pompeii
850 1324 988 1377 filius,
1026 1326 1158 1381 quem
1193 1324 1658 1381 magnificentissimas
1689 1338 1761 1368 res
1793 1325 1841 1368 in

357 1398 613 1442 consulatu*
630 1394 826 1451 gessisse
844 1393 964 1437 bello
995 1393 1200 1438 Marsico
1216 1393 1542 1451 «praediximus,
1575 1405 1734 1437 xxm.
1762 1398 1842 1438 ari-

356 1479 440 1511 nos
458 1469 608 1517 natus,
629 1463 795 1508 abhinc
829 1475 969 1506 annos
1000 1474 1150 1507 exui.
1178 1464 1365 1521 privatis
1384 1466 1434 1506 ut
1451 1461 1717 1522 opibus,Jita
1736 1476 1842 1524 con-f

358 1536 472 1579 siliis
492 1547 657 1590 magna
671 1545 827 1584 ausus,
848 1532 1171 1589 magnificeque
1201 1537 1368 1576 conata
1392 1535 1623 1584 executus,
1659 1531 1718 1574 ad
1743 1532 1845 1575 vin-.
1872 1540 1883 1543 Α

357 1603 592 1648 dicandam
629 1601 1034 1657 restituendamque
1065 1600 1324 1656 dignitatem
1363 1601 1538 1656 patriae,
1573 1600 1746 1644 firmum
1782 1592 1842 1645 ex

358 1687 464 1728 agro
485 1673 671 1724 Piceno,
697 1671 776 1726 qui
807 1674 928 1713 totus
963 1671 1165 1726 paternis
1199 1669 1357 1726 [ejus]⁵
1398 1669 1618 1717 clientelis
1651 1668 1844 1713 refertus

356 1745 464 1793 erat,
485 1739 709 1784 contraxit
738 1738 995 1782 exercitum.
1055 1737 1197 1796 CuJus
1218 1738 1304 1782 viri
1332 1737 1588 1793 magnitudo
1601 1738 1842 1781 multorum

356 1809 631 1852 voluminum
666 1803 812 1850 instar
843 1806 1010 1861 exigit:
1067 1805 1150 1850 sed
1177 1807 1328 1863 operis
1359 1805 1519 1849 modus
1549 1806 1709 1862 paucis
1739 1820 1842 1850 eum

356 1877 530 1920 narrari
543 1877 701 1934 jubet.⁶
741 1875 848 1918 Fuit
866 1874 939 1918 hic
961 1874 1139 1931 genitus
1159 1878 1299 1919 matre
1320 1874 1513 1928 Lucilia,
1536 1875 1688 1931 stirpis
1708 1888 1841 1920 sena-

401 1988 419 2010 ἆ
439 1988 497 2020 lta
518 1990 554 2020 ut
576 1986 768 2020 auctoritate
785 1984 910 2028 publica
935 1988 1131 2019 statueretur
1155 1986 1321 2028 proemium
1343 1985 1381 2019 ob
1396 1985 1601 2026 interfectum
1622 1988 1722 2021 civem
1741 1987 1775 2020 in
1802 1998 1840 2022 ea

357 2032 500 2074 civitate,
513 2031 548 2064 in
561 2029 788 2073 quujudicium
807 2029 956 2062 redditur
980 2029 1130 2063 histrioni
1149 2030 1370 2073 abjectissimo,
1392 2030 1430 2062 ob
1454 2031 1674 2064 contumeliam
1692 2032 1840 2074 petuam-¹

350 2076 479 2108 tiorem.
1061 2098 1067 2101 κ
1629 2092 1637 2100 ·
1834 2088 1838 2095 ¹

400 2124 413 2140 ἔ
436 2118 488 2151 Aa
501 2117 729 2158 defendendum
741 2114 1027 2158 restituendum
1047 2116 1194 2149 honorem
1213 2116 1333 2158 patrioe
1352 2117 1539 2160 conscripsit
1560 2118 1699 2151 ualidum
1719 2118 1842 2151 exerce·-

356 2165 426 2194 tum
439 2171 479 2194 ex
494 2171 574 2202 agro
589 2160 721 2200 Piceno,
735 2158 790 2200 qui
801 2162 889 2191 totus
900 2157 1011 2201 plenus
1021 2163 1088 2192 erat
1103 2161 1266 2193 clientium
1280 2160 1331 2193 sui
1340 2161 1455 2202 patrio.
1499 2161 1599 2202 Cuius
1611 2161 1676 2194 viri
1690 2161 1839 2194 meritum

355 2205 469 2246 ingens
480 2204 632 2247 postulat,
646 2206 682 2235 ut
695 2204 843 2235 laudetur
856 2203 965 2235 multis
977 2203 1206 2238 voluminibus.-
1228 2204 1283 2238 ned
1304 2203 1389 2237 ratio
1403 2214 1507 2248 quam
1532 2204 1616 2238 mihi
1641 2204 1840 2249 praescripsi

357 2249 393 2281 in
407 2248 464 2281 hoc
477 2257 582 2290 opere,
596 2247 664 2280 vult
673 2246 786 2289 paucis
799 2245 867 2279 dici
880 2247 920 2279 de
934 2246 1002 2280 illo.

993 2310 1131 2325 OOOOOOO
1136 2311 1192 2325 ’θ’
1195 2311 1235 2325 ‘O

358 2369 376 2399 1
402 2366 488 2399 Cod.
502 2365 724 2399 historiarum:
747 2364 814 2399 Ed.
830 2374 883 2407 pr.
898 2364 1129 2400 historiar-ium.
1159 2366 1323 2401 Correxit
1338 2366 1403 2400 Ed.
1416 2366 1591 2400 Basa—2
1607 2363 1751 2400 comet
1771 2366 1840 2401 Ed.

358 2420 411 2451 pr.
434 2419 475 2442 ex
489 2410 566 2449 alto,
582 2409 674 2452 quod
700 2408 768 2441 Ed.
785 2408 893 2441 Basil.
915 2409 948 2441 in
965 2410 1086 2442 exoleto
1112 2411 1269 2453 corrigit.
1283 2414 1396 2444 exacto
1411 2410 1561 2444 debetur
1575 2410 1841 2444 Ruhnkenio.—

358 2455 378 2484 3
396 2453 545 2485 Putean.
556 2456 635 2494 post
653 2452 788 2484 Romani
803 2452 871 2494 leg.
885 2451 1018 2494 publice.
1037 2452 1101 2485 Ed.
1113 2463 1168 2495 pr.
1186 2454 1281 2497 Reip.
1296 2454 1509 2496 Hottingero
1524 2454 1617 2487 Mus.
1632 2454 1713 2488 Tur.
1725 2455 1841 2496 plaee-

360 2495 584 2538 bat,jugulati
591 2495 668 2528 civis
677 2495 800 2538 publice
807 2496 1051 2530 constitueretur
1059 2500 1342 2542 auctoramentum,
1351 2507 1401 2534 sc.
1411 2497 1596 2532 candiae—4
1606 2497 1665 2532 Ita
1674 2497 1760 2532 Cod.
1773 2497 1839 2530 Ed.

1032 2593 1175 2628 NOTAE

401 2658 416 2681 δ
437 2659 603 2692 Judicium
631 2658 796 2701 histrioni]
836 2657 1075 2702 significatur,
1128 2704 1132 2708 .
1172 2666 1186 2683 c
1210 2661 1352 2706 Exacto]
1373 2661 1444 2697 Alii
1463 2661 1598 2705 legunt,
1621 2659 1756 2703 ceolam,
1771 2669 1840 2703 quo

360 2720 459 2743 aures
483 2721 503 2743 a
519 2710 696 2753 jndicibus
711 2710 873 2743 histrioni
890 2710 996 2743 etiam
1013 2710 1072 2743 ab·
1128 2710 1287 2754 epitheto
1302 2712 1524 2753 contemtius,
1547 2721 1589 2745 nc
1604 2710 1740 2754 turpius
1756 2709 1840 2742 nihil

350 2762 544 2803 jectissimo
573 2763 694 2795 Romae
724 2762 886 2805 praeberi,
915 2765 951 2794 et
979 2761 1073 2795 cives
1126 2762 1287 2796 histrioni
1316 2763 1421 2798 tribui
1449 2766 1578 2806 potest.
1623 2761 1839 2806 Histrionem

358 2814 624 2856 qualescumque
650 2813 823 2857 castigari,
846 2823 932 2857 quos
957 2813 1073 2846 histri·
1126 2818 1225 2847 notat
1243 2813 1408 2858 effoetum,
1423 2819 1459 2848 et
1473 2813 1517 2848 ad
1528 2812 1690 2848 libidines
1700 2811 1775 2855 jam
1791 2812 1842 2846 in-

361 2872 459 2895 onem
484 2863 598 2906 aliqua
614 2864 847 2906 petulantiore
863 2864 1073 2899 contumelia
1125 2865 1245 2900 utilem
1261 2865 1406 2900 factum.
1822 2857 1831 2863 “

360 2917 497 2948 notasse
511 2919 701 2948 constaret.
