2008 3210
363 273 491 316 lxxvi

408 384 495 414 tione
526 383 623 425 magis
647 378 740 426 quam
765 385 884 417 ratione
907 386 1079 430 (consiliis)

408 427 554 457 barbarus
576 427 611 464 ii,
628 430 690 459 108
720 427 851 460 Caesaris
867 429 899 460 iu
914 430 1078 461 consulatu

408 471 548 510 petendo
564 470 715 502 rationem
727 471 840 503 habere
852 472 902 514 (in
915 483 1077 505 numerum

408 512 646 544 candidatorum
661 514 815 557 recipere)
837 515 871 553 ii,
884 519 926 548 30
984 523 986 526 ’

367 554 505 587 Recedit
518 562 619 587 metus
641 557 676 594 ii,
696 560 738 589 62
771 558 963 596 naturaliter,
990 560 1076 601 quod

368 632 371 634 ,
433 600 579 631 rocedere
599 610 664 631 non
680 605 796 642 potest,
818 602 935 633 recedit
956 601 992 644 (a
1006 612 1076 644 per-

388 670 389 673 ,
405 609 510 685 acto)
532 643 554 679 i,
568 646 609 675 17
632 644 781 675 recedens
796 643 884 687 (quae
896 654 928 676 se
938 646 1075 683 retrahit,

409 685 546 728 colligit)
568 686 602 716 in
623 687 783 727 quoddam
805 688 953 720 saeculum
968 688 1076 720 simili-

411 729 489 759 tudo
504 728 712 771 ingeniorum,
724 730 802 761 ibid.

366 771 522 813 Recipere
551 772 625 814 (scl.
652 773 738 814 apud
765 772 817 814 se)
851 773 885 811 ii,
908 776 981 806 104.
1011 777 1076 806 129

408 826 474 846 non
483 820 626 856 receptus
638 825 656 846 a
666 821 754 857 patre
761 816 874 858 (redux
885 817 918 847 iu
927 817 1075 860 pati-lam)

408 858 432 895 i,
449 861 467 890 1
491 857 550 901 (de
561 858 721 901 exulibus)
741 859 774 896 ii,
791 862 847 891 21.
862 862 904 891 45
930 859 1074 902 (excipe-

408 900 459 943 re)
481 901 517 938 ii,
532 904 586 933 53.
609 905 651 934 63
689 907 850 944 receptum
872 903 1076 946 (immissum)

407 944 441 975 in
455 948 549 975 terras
569 955 652 976 mare
674 945 709 983 ii,
731 948 773 978 33
811 950 936 987 recepta
960 946 1074 988 (iutro-

408 986 519 1029 missa)
542 988 575 1018 in
602 992 729 1019 tenuem
751 989 906 1020 tramitem
932 989 1076 1031 exempla

409 1030 459 1072 (h.
481 1041 509 1061 e.
525 1031 616 1062 arctis
631 1031 758 1069 finibus,
780 1032 861 1062 intra
875 1042 953 1074 quos
967 1032 1024 1070 ita,
1040 1037 1075 1063 ut

409 1074 527 1105 sactum
539 1078 599 1111 est,
614 1084 706 1116 agere
721 1075 847 1112 licebat,
862 1076 1074 1118 circumscrip-

409 1115 458 1159 ta)
482 1116 515 1154 ii,
538 1120 558 1149 3
595 1118 693 1159 recipi
707 1118 806 1160 injus
825 1118 961 1150 civitatis
983 1119 1016 1156 ii,
1033 1122 1072 1151 15

407 1160 442 1191 in
469 1160 627 1191 civitatem
649 1161 672 1198 i,
699 1164 753 1193 14.
783 1161 816 1198 ii,
847 1164 890 1194 16
922 1162 1075 1204 recipiens

408 1203 533 1234 servitia
550 1203 585 1234 in
610 1214 773 1235 numerum
798 1204 951 1236 exercitus
973 1205 1006 1242 ii,
1032 1208 1074 1237 '73

407 1247 440 1277 in
466 1246 646 1278 societatem
675 1247 797 1279 consilii
821 1248 932 1289 recipit
953 1248 987 1285 ii,
1013 1251 1074 1281 118

409 1291 443 1321 in
467 1289 650 1321 affinitatem
674 1296 836 1332 receperat
856 1291 890 1328 ii,
907 1294 971 1323 100
1005 1291 1074 1323 Sar-

386 1333 498 1364 ·dinia
531 1334 650 1375 recepit
677 1334 798 1375 imperii
820 1333 934 1376 jugum
966 1334 1001 1372 ii,
1031 1337 1073 1366 38

408 1376 606 1408 conditiones
620 1377 704 1418 pacis
720 1387 811 1418 aequo
826 1378 929 1408 animo
943 1378 1074 1419 recipie-

407 1420 462 1451 bat
475 1419 685 1463 (accipiebat)
705 1420 742 1459 ii,
763 1424 807 1453 48
829 1420 879 1452 Sic
892 1421 926 1458 ii,
941 1423 995 1454 49.
1017 1421 1073 1452 ho-

407 1473 464 1494 nor
477 1462 522 1494 illi
538 1463 739 1505 recipiendus
759 1464 820 1494 fuit
842 1464 875 1501 ii,
897 1466 961 1496 122
994 1464 1072 1495 reci-

407 1516 484 1548 pere
507 1506 636 1548 injurias
651 1517 743 1548 aequo
767 1506 871 1537 animo
893 1507 928 1544 ii,
945 1509 986 1539 13
1024 1517 1071 1539 re-

407 1549 494 1590 cepti
509 1549 659 1582 Cherusci
673 1550 800 1592 (iterum
812 1549 938 1592 domiti)
959 1550 994 1588 ii,
1008 1553 1070 1583 105

407 1591 459 1624 Sic
488 1592 522 1629 ii,
537 1595 610 1625 106.
628 1595 702 1625 122.
725 1593 758 1623 in
787 1592 896 1623 altiora
923 1603 956 1623 se
985 1603 1071 1625 rece-

406 1639 496 1676 perat
518 1635 589 1666 loca
609 1636 642 1673 ii,
657 1638 701 1668 70
738 1636 770 1666 in
796 1635 949 1666 tumulum
975 1646 1008 1667 se
1033 1648 1070 1668 ex

406 1678 494 1718 fuga,
518 1678 596 1709 ibid.
640 1679 673 1709 in
688 1678 812 1709 Italiam
827 1689 860 1710 se
874 1679 993 1720 recepit
1007 1679 1071 1722 (re-

407 1731 513 1752 versus
527 1720 592 1764 est)
625 1721 659 1759 ii,
670 1724 713 1754 74
751 1727 884 1763 quantas
898 1721 1071 1754 virtutes—

407 1764 545 1795 mortalis
571 1765 712 1796 conditio
734 1765 845 1806 recipit
869 1764 1070 1808 (quantarum

406 1818 438 1838 v.
464 1818 563 1849 capax
587 1807 651 1850 est)
672 1808 707 1845 ii,
733 1811 754 1840 2
798 1808 850 1839 lta
874 1809 909 1850 ii,
934 1812 987 1841 97.
1017 1812 1072 1841 52.

405 1861 510 1892 neque
533 1850 580 1882 illi
604 1852 784 1892 spectaculo
809 1851 908 1882 simile
929 1852 1070 1883 conditio

406 1893 545 1925 mortalis
570 1894 707 1936 recipere
734 1894 856 1925 videtur
879 1894 987 1938 (simili
1012 1906 1069 1926 un-

406 1946 501 1978 quam
515 1937 575 1967 frui
589 1937 696 1980 posse)
718 1937 752 1975 ii,
768 1941 831 1970 104

362 1978 519 2011 Recessus
533 1979 686 2022 (latebrae,
701 1980 801 2019 sinus)
812 1981 902 2011 maris
924 1981 957 2018 ii,
972 1984 1015 2014 32

363 2022 514 2054 Recisum
530 2033 609 2064 opus
631 2023 666 2060 ii,
682 2027 725 2056 89
747 2023 805 2066 (cf.
821 2024 857 2061 ii,
869 2022 928 2066 86)

362 2065 612 2098 Reconcilianda
636 2067 670 2097 in
694 2067 791 2109 gratia
815 2067 1012 2098 fidelissimus
1034 2067 1068 2105 ii,

405 2112 449 2141 29
471 2109 530 2152 (cf.
543 2109 774 2152 Fidelissimus)

362 2151 466 2184 Recta
487 2152 688 2194 (justissimas
707 2152 828 2196 partes)
852 2154 954 2195 legere
976 2154 1010 2191 ii,
1025 2156 1067 2185 83

404 2196 575 2228 rectissima
589 2196 733 2228 voluntas
746 2197 811 2240 (est
824 2196 906 2239 ejus,
918 2196 973 2238 qui
985 2197 1067 2237 opti-

406 2250 492 2270 mum
517 2239 595 2281 reip·
622 2243 736 2270 statum
762 2250 833 2272 cum
863 2239 1067 2282 optimatibus

407 2280 512 2324 cupit)
533 2282 568 2319 ii,
585 2285 627 2314 18
662 2283 736 2314 Sic:
774 2283 875 2324 pietas
899 2283 1068 2314 rectissima

405 2325 562 2357 sentiendi
585 2325 658 2367 (sel.
682 2336 753 2367 quae
768 2326 923 2368 Principis
937 2326 1067 2367 imperio

405 2367 604 2411 conducunt)
626 2368 660 2406 ii,
683 2372 758 2402 125.
793 2374 878 2401 recta
905 2369 1067 2411 (honestas

392 2410 502 2453 cartes)
529 2411 672 2446 discendi
705 2422 805 2455 capax
836 2412 996 2455 ingenium
1032 2413 1067 2450 ii,

360 2497 484 2530 Recte:
507 2498 662 2540 pecuniae,
685 2509 779 2540 quam
807 2503 891 2530 recte
917 2498 1066 2536 faciendi,

405 2541 528 2585 (Princi
552 2541 578 2572 is
590 2542 636 2572 “et
658 2543 702 2573 rei
725 2542 860 2583 publicae
874 2552 976 2573 causae
990 2552 1065 2573 con-

404 2552 551 2628 sulendi),
566 2585 709 2626 cupidior
736 2585 770 2622 ii,
785 2587 827 2617 97

359 2627 524 2660 Recusans
539 2638 599 2659 nec
619 2628 788 2670 quicquam
810 2627 878 2669 jam
892 2628 932 2660 de
947 2628 1010 2660 fine
1031 2628 1066 2666 ii,

361 2714 510 2746 Reddere
524 2713 667 2755 spiritum
687 2714 723 2753 ii,
735 2717 787 2747 14.
799 2717 854 2747 35.
866 2718 907 2747 87
931 2714 1065 2746 animam

388 2757 560 2789 ·coelestem
575 2757 654 2789 coelo
668 2758 807 2789 reddidit
825 2757 861 2796 ii,
876 2760 939 2791 123
961 2757 1065 2789 reddi-

405 2804 457 2830 tus
479 2801 558 2831 coelo
572 2805 662 2842 pater
682 2800 717 2839 ii,
733 2803 795 2833 124
819 2800 906 2832 Asiae
918 2801 1065 2832 securita-

399 2847 480 2879 -tem,
492 2842 693 2876 Macedoniae
702 2855 817 2886 pacem·
825 2843 962 2877 reddidit
977 2844 1010 2883 ii,
1021 2847 1063 2876 98

1035 288 1199 320 INDEX

1172 387 1320 419 reddatur
1334 389 1494 431 proposito
1511 389 1598 432 operi
1612 399 1667 421 sua
1682 391 1779 425 forma
1800 391 1839 435 ii,

1171 433 1215 462 49
1251 430 1342 472 cujus
1358 432 1468 474 pietati
1485 432 1620 475 populus
1646 432 1688 464 R.
1704 435 1834 477 gratiam

1170 474 1308 505 reddidit
1343 474 1379 511 ii,
1403 478 1446 508 16
1478 476 1635 518 judicium
1663 477 1834 519 petulantis

1118 536 1122 540 ,
1169 516 1303 548 convicii
1318 517 1458 549 histrioni
1482 519 1622 550 redditur
1641 519 1675 557 ii,
1695 523 1740 553 28
1774 521 1834 564 (cf.

1167 558 1189 590 J
1191 559 1528 601 odicium).—reddere
1540 572 1721 604 respon-sum
1747 563 1835 601 islo

1169 603 1386 634 testimonium*
1401 603 1437 641 ii,
1457 607 1512 638 76.
1535 608 1599 638 120
1630 606 1761 637 reddere
1784 617 1833 638 ra-

1168 645 1285 678 tionem
1300 645 1358 688 (cf.
1371 645 1494 688 Ratio).
1512 647 1642 680 redditis
1653 647 1832 681 civitatibus

1169 688 1265 720 literis
1287 689 1321 726 ii,
1339 692 1380 722 18
1401 690 1459 732 (cf.
1482 691 1516 729 ii,
1527 690 1589 734 42)
1746 711 1751 715 -
1773 709 1780 715 ι

1124 728 1285 774 Redigere
1306 732 1338 762 in
1355 733 1485 764 formam
1500 734 1669 775 provincie
1682 733 1741 777 (cs.
1756 735 1832 766 For·

1166 775 1262 812 mula,
1281 775 1470 826 Provincia).
1494 776 1587 808 Creta
1605 777 1776 815 redacnjn
1792 779 1832 810 P.

1166 817 1210 848 R.
1233 823 1420 859 potestatem
1442 819 1476 855 ri,
1493 823 1534 852 34
1557 819 1615 864 (cf.
1640 819 1675 857 ii,
1689 823 1744 853 94.
1758 820 1830 863 37).

1168 861 1200 891 in
1217 862 1380 902 pristinum
1401 862 1488 903 pacis
1502 863 1624 906 redegit
1646 864 1773 894 modum
1795 864 1831 902 ii,

1166 906 1209 936 98
1243 904 1406 946 imperium
1422 906 1655 947 magistratuum
1670 906 1710 936 ad
1726 906 1830 948 pristi-

1167 957 1243 977 num
1256 948 1417 979 redactum
1432 949 1560 980 modum
1573 949 1608 987 ii,
1621 951 1665 981 89
1678 949 1832 981 exercitus

1167 990 1208 1021 ad
1222 989 1319 1021 Rom.
1335 991 1510 1033 disciplinae
1531 992 1661 1023 formam
1685 992 1831 1024 redactus

1168 1032 1201 1070 ii,
1219 1036 1284 1066 109

1123 1075 1235 1107 Rediit
1248 1076 1350 1108 cultus
1365 1077 1447 1118 agris
1469 1077 1503 1114 ii,
1519 1080 1563 1109 89
1598 1077 1719 1109 animus
1734 1079 1830 1120 parti-

1167 1120 1224 1150 bus
1237 1119 1438 1161 Pompeianis
1459 1120 1493 1158 ii,
1505 1123 1549 1152 62

1124 1161 1470 1206 Βεάὶωετο,(ρεηεατε,
1492 1163 1672 1207 repensare)
1699 1163 1832 1196 desidiae

1166 1206 1295 1236 crimina
1313 1211 1410 1237 morte
1432 1206 1466 1243 ii,
1482 1209 1524 1238 87

1123 1247 1303 1280 Redimitus
1317 1249 1439 1281 hederis
1453 1249 1486 1287 ii,
1499 1251 1543 1282 82
1565 1254 1662 1292 caput
1675 1250 1828 1282 arundine

1165 1292 1199 1329 ii,
1214 1295 1256 1324 83

1122 1333 1259 1366 Reditus
1283 1336 1337 1379 (ex
1359 1334 1472 1378 exilio)
1492 1335 1526 1372 ii,
1551 1339 1604 1368 15.
1625 1338 1679 1368 4⁵-
1708 1338 1762 1368 68.
1783 1339 1827 1369 w

1164 1377 1256 1420 cujus
1279 1378 1397 1410 reditus
1422 1378 1457 1422 (e
1473 1379 1567 1416 beno,
1589 1379 1622 1410 in
1637 1377 1775 1422 Urbem)
1793 1379 1829 1418 ii,

1120 1463 1257 1496 Reditus
1267 1463 1405 1507 (tantum
1415 1462 1491 1506 acl.)
1503 1464 1536 1495 in
1545 1465 1684 1495 aerarium
1695 1464 1830 1496 contulit

1162 1507 1197 1545 ii,
1210 1511 1253 1540 39
1274 1507 1392 1538 reditus
1406 1507 1562 1539 uberiores
1583 1507 1618 1544 ii,
1632 1511 1674 1539 81

1120 1549 1263 1581 Reduxit
1283 1550 1382 1580 tutela
1404 1550 1526 1592 imperii
1543 1560 1615 1582 eum
1636 1550 1670 1581 in
1694 1549 1826 1583 Germa-

1164 1593 1247 1624 niam
1271 1593 1305 1630 ii,
1321 1595 1382 1625 105

1120 1635 1264 1668 Refectae
1277 1636 1357 1667 vires
1379 1635 1413 1673 ii,
1430 1638 1472 1668 16

1121 1678 1251 1711 Referre
1277 1678 1422 1722 (afferre)
1445 1675 1612 1720 pecuniain
1633 1678 1773 1711 Romam
1790 1679 1829 1718 ii,

1163 1725 1205 1755 45
1239 1722 1358 1754 decreti
1382 1722 1623 1754 Atheniensium
1637 1723 1827 1755 celeberrimi

1165 1766 1343 1807 exemplum
1369 1765 1500 1797 relatum
1537 1765 1772 1809 (restauratum)
1808 1777 1829 1798 a

1165 1809 1317 1841 Cicerone
1340 1809 1373 1846 ii,
1403 1811 1446 1840 68
1483 1808 1618 1840 referens
1641 1808 1830 1852 (effingens)

1163 1853 1224 1884 hoc
1239 1853 1359 1884 dictum
1373 1852 1414 1883 ad
1428 1852 1491 1884 loci
1505 1862 1620 1884 nomen
1641 1852 1676 1890 ii,
1689 1855 1732 1885 77
1755 1857 1825 1883 tan-

1163 1900 1230 1926 tum
1265 1895 1420 1927 retulisset
1452 1894 1674 1938 (interfuisset)
1710 1895 1825 1928 habere

1164 1938 1298 1970 Brutum
1313 1938 1419 1980 potius
1430 1938 1615 1980 principem,
1638 1947 1733 1980 quem
1746 1938 1825 1971 Cu·

1163 1981 1242 2012 sium
1264 1981 1298 2019 ii,
1314 1985 1357 2014 72
1385 1986 1387 1988 ’

1118 2024 1315 2056 Refovendae
1352 2024 1432 2056 vires
1457 2023 1672 2068 (reparandus
1707 2023 1824 2056 civium

1161 2067 1323 2110 numerus)
1345 2068 1367 2105 i,
1384 2071 1423 2099 15
1451 2079 1490 2100 ex
1504 2068 1614 2099 itinere
1627 2068 1709 2099 vires
1721 2067 1824 2111 (exer-

1159 2110 1240 2142 citus
1250 2110 1444 2153 reficiendae)
1465 2111 1499 2148 ii,
1516 2113 1578 2143 113

1116 2152 1344 2195 Refragabatur
1358 2164 1429 2196 pars
1443 2153 1641 2196 optimatium
1661 2153 1697 2191 ii,
1710 2155 1755 2186 40

1117 2196 1331 2239 Refrigeratus
1345 2197 1474 2240 (frigide
1489 2195 1654 2239 exceptus)
1675 2197 1710 2234 ii,
1724 2199 1767 2228 83

1117 2239 1276 2282 Resugere
1305 2240 1338 2271 in
1367 2240 1512 2272 interiora
1537 2240 1692 2283 (recipere
1715 2237 1766 2282 sc)
1786 2239 1823 2277 ii,

1116 2325 1256 2359 Refulsit
1268 2331 1352 2358 certa
1365 2337 1437 2368 spes
1457 2326 1493 2364 ii,
1506 2329 1569 2359 1⁰3

1116 2369 1246 2412 Regalis
1258 2370 1399 2411 potentia
1419 2370 1454 2407 ii,
1469 2373 1492 2402 6

1116 2412 1240 2454 Regere
1254 2412 1422 2443 exercitum
1443 2413 1478 2450 ii,
1491 2416 1544 2446 85.
1558 2415 1632 2445 115.
1649 2414 1712 2444 126
1742 2421 1823 2454 quo-

1160 2466 1226 2487 rum
1254 2456 1438 2487 auctoritate
1461 2466 1514 2487 rex
1535 2455 1700 2498 regebatur
1721 2454 1756 2492 ii,
1779 2457 1823 2487 64

1160 2499 1214 2540 qui
1229 2499 1283 2530 illa
1297 2504 1416 2540 regeret
1430 2499 1502 2542 (sel.
1525 2502 1714 2549 preparatus
1735 2497 1825 2535 belli,

1158 2543 1330 2583 prudenter
1343 2541 1569 2585 moderaretur)
1590 2542 1627 2579 zi,
1642 2544 1705 2574 111

1115 2585 1272 2627 Regerere
1297 2585 1329 2616 in
1356 2586 1494 2616 aerariuin
1519 2585 1662 2627 publicos
1673 2582 1826 2626 pecunias

1156 2628 1348 2671 (restituere)
1368 2629 1403 2666 ii,
1418 2631 1466 2660 92

1115 2671 1270 2714 Regimen
1298 2672 1404 2703 classis
1430 2671 1627 2703 commissum
1647 2668 1821 2701 Publicolas

1157 2719 1219 2747 cet.
1233 2714 1267 2752 ii,
1281 2717 1323 2746 85
1566 2736 1571 2741 ·

1114 2757 1220 2800 Regni
1231 2756 1437 2800 (appetendi)
1450 2758 1596 2794 voluntas
1615 2756 1650 2794 ii,
1661 2758 1706 2788 88

1114 2801 1241 2887 Regul)a
1255 2801 1406 2843 propositi
1424 2800 1526 2843 operis
1547 2800 1582 2837 ii,
1597 2802 1640 2832 38
1672 2797 1732 2841 (εἰ.
1746 2797 1822 2830 Mo·-

1157 2845 1215 2876 dus
