2002 3250
592 299 659 331 DE
693 299 874 332 opums
907 300 1119 332 vunnu
1153 301 1362 337 runem.
1663 295 1723 340 13

229 397 400 440 crimen
428 395 621 447 evitans,
650 400 731 438 aut
760 408 919 448 rerum,
951 396 1010 439 ad
1041 408 1156 452 quas
1185 398 1400 452 excurrit,
1431 399 1651 456 gravitate
1677 406 1725 447 et

229 467 418 510 utilitate
447 468 503 519 (ι.
541 465 612 509 16.
646 478 699 508 11.
727 466 838 518 38.),
869 471 947 509 aut
979 480 1272 522 personarum
1303 469 1613 524 magnitudine
1640 472 1724 530 (n.

227 535 335 588 41.)‚
367 539 447 578 aut
477 535 612 578 animi
635 535 831 590 graviter
860 536 1069 578 commoti
1100 536 1269 592 impetu
1300 539 1376 591 (11.
1397 536 1510 596 66.),
1531 553 1725 595 purgare

227 617 276 647 se
303 618 332 648 a
361 605 496 661 culpa
517 609 715 648 conatur.
775 604 829 647 Id
865 618 972 648 vero
1003 606 1240 664 consilium
1269 610 1338 650 tot
1366 611 1604 665 tantasque
1633 625 1724 664 res,

228 677 274 718 et
305 687 334 717 a
364 675 588 727 barbaris,
619 678 664 717 et
694 688 723 717 a
753 673 987 726 Romanis,
1020 674 1079 716 ad
1114 687 1246 718 suam
1280 689 1429 732 usque
1461 681 1723 724 memoriam

226 749 377 799 gestas
400 745 593 788 breviter
622 744 954 799 constringendi
973 743 1179 788 Velleius
1203 746 1392 801 pariter,
1415 760 1469 790 ac
1492 748 1723 805 Sulpicius

227 813 433 867 Severus,
452 818 611 857 auctor
631 813 925 866 Christianus,
946 827 1080 871 quem
1100 814 1233 858 facile
1253 816 1439 872 quisque
1456 816 1614 862 Nostri
1633 833 1723 863 non

227 882 372 926 solum
407 883 452 926 in
495 884 646 941 operis
677 884 836 936 forma,
871 883 954 927 sed
985 884 1032 927 in
1061 883 1272 928 librorum
1304 900 1487 942 quoque
1522 900 1722 942 numero,

227 954 535 998 aemulatorem
565 954 780 1010 agnoscit,
811 956 858 999 in
886 954 1152 1011 praefatione
1184 954 1419 1011 deperdita
1439 957 1561 1000 haud
1589 958 1724 1002 dubie

224 1025 471 1080 proposuit.
533 1024 633 1066 Nec
667 1037 695 1067 a
733 1037 841 1068 vero
875 1037 1064 1080 prorsus
1099 1024 1334 1068 abhorrere
1378 1026 1571 1080 videtur,
1611 1027 1724 1071 Vel-

224 1091 379 1146 leium‚
401 1097 451 1136 ut
481 1093 733 1149 Sulpicium
753 1094 960 1146 eundem,
982 1093 1150 1146 multiS,
1176 1095 1256 1150 qui
1281 1095 1419 1138 resin
1447 1097 1555 1140 orbe
1584 1100 1724 1141 terra-

158 1216 160 1218 ·
225 1175 323 1206 rum
344 1165 498 1218 gestas
526 1162 855 1218 compendiosa
883 1163 1081 1205 lectione
1112 1176 1385 1218 cognoscere
1414 1171 1724 1221 properarent,

224 1228 588 1285 efflagitantibuS,
605 1231 694 1286 ipsi
710 1230 895 1273 Vinicio
916 1231 1116 1284 forsitan,
1133 1235 1182 1275 ut
1197 1244 1337 1288 supra
1356 1233 1535 1290 Proleg.
1557 1248 1660 1290 cap.
1678 1235 1724 1277 1.

225 1299 513 1356 conjecimus,
527 1300 702 1342 auctori
717 1299 1289 1354 gravissimo‚obsecutum,
1303 1305 1422 1344 certe
1435 1304 1607 1346 saeeulo
1621 1316 1723 1356 suc,

224 1368 411 1412 mollitie
432 1372 478 1412 et
493 1369 679 1420 laboris,
701 1382 727 1411 e
747 1369 1041 1412 voluminosis
1062 1370 1260 1425 priorum
1279 1370 1593 1414 historicorum
1614 1385 1723 1428 ope-

224 1437 348 1480 ribus
367 1451 510 1481 rerum
533 1443 756 1494 gestarum
784 1439 1047 1482 memoriam
1073 1438 1326 1491 hauriendi,
1354 1439 1466 1496 fuga
1487 1447 1722 1498 corrupto,

223 1507 291 1550 ita
310 1507 566 1560 indulsisse,
586 1511 635 1551 ut
649 1507 843 1551 breviori
857 1510 902 1551 et
919 1507 1251 1563 compendiosa
1269 1508 1346 1551 via
1358 1509 1416 1551 ad
1434 1523 1581 1553 rerum
1603 1511 1722 1554 scitu

223 1569 578 1632 dignissimarum
599 1577 801 1633 aequales
822 1576 1098 1632 perduceret.

286 1646 376 1691 Sed
407 1646 555 1689 noluit
581 1646 782 1689 Velleius
814 1660 963 1702 neque
991 1652 1150 1690 tenues
1178 1650 1312 1703 atque
1342 1647 1487 1691 exiles
1518 1650 1721 1703 annales,

227 1730 417 1774 quorum
444 1715 577 1758 unica
605 1714 712 1757 laus
742 1715 802 1758 sit
830 1715 1040 1767 brevitaS‚
1075 1715 1317 1769 conficere3
1347 1730 1494 1772 neque
1521 1717 1722 1774 priorum

226 1785 461 1842 cujusdam
499 1784 819 1827 historicorum
862 1797 996 1840 opus,
1033 1788 1096 1836 ut,
1134 1788 1248 1828 teste
1280 1784 1500 1829 Cicerone
1525 1787 1586 1829 ad
1622 1787 1720 1832 Att.

227 1867 344 1899 x-111.
362 1854 406 1897 8.
440 1853 506 1896 Μ.
530 1853 702 1896 Brutus
731 1853 779 1895 in
810 1852 958 1896 Coelio
981 1852 1222 1909 Antipatro
1252 1855 1507 1910 praeiverat,
1531 1856 1579 1899 in
1600 1870 1722 1900 com-

223 1924 436 1982 pendium
470 1923 692 1978 redigere:
725 1923 804 1965 sed
839 1937 983 1967 rerum
1016 1924 1396 1980 amplissimarum
1432 1930 1476 1969 et
1510 1926 1721 1981 gravissi-

222 2007 396 2038 marum
415 1993 630 2048 speciem,
647 1984 824 2035 duobus
837 1993 1002 2036 libellis
1019 1994 1102 2046 (ita
1121 1994 1237 2036 enim
1251 1994 1341 2050 ipsi
1354 1994 1554 2050 placuit:
1575 1995 1668 2038 vid.
1685 2007 1718 2040 1.

226 2065 316 2115 14.)
347 2065 636 2113 contractam,
658 2074 865 2116 eamque,
885 2062 1147 2115 lectoribus,
1179 2067 1295 2106 certe
1320 2062 1553 2116 Romanis,
1574 2071 1721 2119 neque

223 2133 438 2184 indoctis,
470 2131 776 2187 perspicuam,
807 2130 1051 2183 efficacem,
1087 2135 1132 2174 et
1166 2132 1484 2186 gratissimam,
1521 2133 1719 2179 oratoria

223 2202 353 2260 quasi
374 2206 470 2244 arte
488 2200 779 2252 elaboratam,
801 2204 1015 2256 tanquam
1035 2201 1083 2243 in
1103 2201 1256 2244 tabula
1275 2201 1486 2256 praecisa,
1507 2214 1595 2244 una
1616 2214 1719 2245 cum

224 2276 470 2327 temporum
489 2269 790 2321 distinctione,
812 2282 1064 2325 proponere
1086 2269 1128 2310 ei
1150 2269 1337 2325 placuit.

282 2338 397 2384 Cum
428 2341 666 2395 utrumque
700 2352 841 2394 genus
875 2343 922 2382 et
954 2338 1151 2381 breviter
1192 2338 1401 2381 narrandi
1445 2341 1490 2381 et
1523 2339 1719 2382 oratorio

222 2408 361 2452 modo
391 2398 688 2464 proponendi,
710 2412 806 2450 tum
838 2420 866 2450 a
895 2420 1039 2450 rerum
1059 2406 1234 2449 delectu
1255 2411 1300 2449 et
1321 2407 1601 2460 tractatione,
1623 2411 1721 2451 tum

223 2478 280 2520 ab
300 2477 547 2521 elocutione
568 2481 612 2519 et
632 2477 824 2520 dictione
844 2476 1052 2532 pendeat,
1074 2476 1131 2519 de
1152 2479 1342 2532 utroque
1362 2475 1604 2519 videndum
1631 2482 1717 2529 est,

222 2549 266 2589 et
285 2546 469 2602 quidem
488 2548 694 2603 primum,
717 2545 942 2602 quomodo
962 2545 1190 2596 Velleius,
1214 2545 1423 2589 brevitati
1445 2545 1647 2605 studens,
1669 2546 1718 2588 in

221 2615 354 2658 rebus
371 2615 610 2670 seligendis
629 2619 676 2659 et
696 2615 962 2668 tractandis,
982 2615 1188 2658 historici
1208 2615 1355 2666 simul,
1376 2614 1510 2657 simul
1528 2614 1717 2658 oratoris

222 2687 372 2739 partes
388 2685 538 2739 egerit.

282 2751 452 2795 Rerum
471 2757 620 2796 autem
648 2752 848 2797 delectus
869 2753 1037 2808 duplex
1058 2755 1143 2804 est,
1171 2765 1258 2795 non
1281 2752 1425 2794 solum
1446 2764 1717 2796 summorum

223 2818 422 2864 historiae
445 2822 664 2866 universae
682 2822 897 2878 capitum,
912 2822 993 2866 sed
1012 2823 1145 2865 etiam
1166 2835 1310 2865 rerum
1326 2821 1617 2876 singularum,
1633 2834 1716 2867 scu

224 2889 431 2945 partium,
453 2891 618 2948 quibus
637 2892 719 2936 illa
737 2893 1011 2937 continentur
1029 2896 1076 2935 et
1095 2891 1395 2948 explicantur.
