2002 3250
461 276 527 312 Du
558 279 764 312 virumn
799 278 1032 320 insumo,
1065 277 1309 319 moninus,
1344 278 1405 309 Εἰ·
1437 278 1572 311 mon.
1688 269 1760 313 '29

275 377 604 436 perationemve
623 389 753 419 snam
773 390 834 419 ex
849 377 999 432 gratia
1020 376 1231 433 odioque,
1254 376 1420 432 quibus
1436 377 1543 420 aula
1558 389 1643 420 eos
1654 389 1761 433 pro·

276 451 554 505 sequeretur,
568 449 795 503 temperet.
855 445 913 489 V.
930 459 971 488 c.
995 457 1047 488 11.
1066 446 1168 489 116.
1189 445 1293 489 125.
1326 457 1381 488 11.
1402 445 1503 488 101.
1534 445 1637 489 coll.
1655 446 1762 490 103.

273 531 342 575 sq.
362 517 464 560 100.
495 530 562 572 sq.
582 516 686 559 129.
706 515 805 558 130.
867 514 1019 568 Quam
1052 515 1254 558 maxime
1287 517 1435 558 autem
1468 514 1654 558 offendit
1682 515 1768 560 Ti-

272 588 386 631 berii
407 586 663 642 Sejanique,
699 585 1052 629 foedissimorum
1081 583 1325 636 hominum,
1358 584 1486 639 laus;
1518 585 1639 627 illius
1661 584 1761 641 qui-

272 657 376 700 dem
397 656 511 700 adeo
528 669 613 711 -per
633 659 775 698 totam
795 654 974 710 imperii
994 652 1191 708 Augusti
1225 654 1550 696 enarrationem
1570 654 1639 696 ita
1667 654 1760 698 dis-

273 726 437 783 sipata,
478 728 528 769 ut
568 726 721 782 potius
764 723 953 775 Tiberii,
995 735 1131 779 quam
1168 720 1379 778 Augusti,
1413 723 1632 766 memoria
1669 727 1760 767 tra-

271 798 418 841 datur.
451 809 455 812 ’
1734 828 1737 831 .

330 866 424 909 Sed
445 865 505 908 ad
526 863 785 907 diluendum
813 862 902 906 hoc
933 860 1204 905 adulationis
1225 861 1394 905 crimen
1414 862 1587 904 auctori
1604 864 1757 906 nostro

272 935 517 992 objectum,
564 934 707 976 multa
744 933 792 974 in
823 935 1003 988 promtu
1040 934 1158 974 sunt.
1237 930 1440 973 Primum
1472 930 1513 972 si
1546 929 1758 975 Velleius

271 1004 503 1048 Caesarum
531 1003 927 1060 potentiorumque
959 1002 1207 1045 aulicorum
1237 999 1420 1044 laudem
1445 1000 1682 1044 adulanter
1710 1006 1758 1044 et

271 1088 374 1117 cum
416 1073 725 1116 admirationis
763 1085 894 1115 sensu
928 1072 1258 1127 praedicaverit,
1302 1070 1351 1113 id
1389 1071 1535 1125 magis
1580 1071 1755 1123 saeculi,

270 1156 404 1198 quam
436 1143 600 1198 ipsius,
643 1142 754 1185 vitio
785 1141 980 1184 dandum
1008 1155 1108 1185 esse
1142 1141 1334 1184 videtur.
1396 1140 1573 1183 Etenim
1602 1153 1757 1184 omnes

268 1212 373 1262 fere,
391 1211 465 1266 qui
488 1210 684 1252 Romani
704 1210 899 1252 nominis
920 1213 1061 1261 erant,
1082 1211 1157 1254 vel
1176 1210 1410 1253 beneficiis
1429 1209 1755 1265 Imperatorum

268 1278 486 1329 obstricti,
519 1279 592 1321 vel
623 1283 744 1321 metu
774 1279 1095 1322 dominationis
1126 1279 1294 1331 adacti,
1322 1278 1429 1321 inde
1467 1279 1525 1321 ab
1560 1278 1757 1334 Augusti

268 1348 410 1392 initiis
441 1347 500 1390 ad
529 1347 726 1390 infimam
759 1347 1061 1390 adulationem
1096 1347 1272 1404 delapsi
1305 1351 1425 1390 sunt.
1487 1346 1556 1390 Ea
1576 1361 1756 1404 quoque

268 1422 338 1461 est
357 1417 623 1473 scriptorum
646 1416 884 1472 poetarum
902 1417 1173 1472 principum,
1194 1416 1373 1470 poiitico
1395 1417 1579 1472 quidem
1595 1417 1756 1472 spiritu

268 1488 617 1538 excusabilium,
639 1499 768 1542 aeque
800 1499 855 1529 ac
894 1485 1205 1542 prosaicorum
1226 1498 1304 1540 per
1324 1486 1532 1541 tempora
1551 1485 1756 1529 domina-

269 1557 411 1610 tionis,
436 1556 737 1612 imperatorias
757 1568 851 1599 vox
870 1558 1092 1611 perpetua
1121 1559 1166 1597 et
1194 1555 1262 1597 ita
1293 1554 1559 1607 communis,
1579 1560 1631 1597 ut
1661 1567 1753 1598 ser-

267 1626 372 1669 vilis
393 1625 586 1676 animus,
606 1638 737 1680 quem
760 1626 858 1667 istae
879 1637 1017 1667 voces
1046 1624 1296 1680 spirabant,
1327 1624 1412 1667 vix
1432 1624 1491 1666 ab
1515 1624 1646 1680 ipsiS,
1672 1625 1753 1670 vix

267 1694 324 1737 ab
348 1694 603 1749 aequalibus
624 1694 872 1735 sentiretur.

324 1760 417 1814 Qui
436 1761 597 1804 deinde
618 1762 812 1817 penitius
830 1761 1143 1804 intellexerunt
1159 1761 1263 1804 illos
1275 1761 1531 1817 scriptoreS‚
1544 1765 1589 1805 et
1603 1762 1754 1818 ipsum

181 1864 186 1866 -
266 1827 509 1882 Velleium,
552 1844 630 1873 eos
661 1843 750 1873 non
793 1830 912 1885 fugit
943 1831 1145 1874 liberalis
1179 1830 1365 1887 quidam
1398 1831 1536 1874 animi
1565 1831 1753 1874 istorum

266 1899 466 1955 spiritus,
488 1899 569 1943 sed
588 1899 799 1955 prudenti
818 1902 913 1942 arte
933 1900 1044 1943 mire
1061 1903 1351 1956 temperatus.
1410 1899 1616 1943 Velleius
1634 1900 1753 1943 enim

263 1969 377 2011 bene
396 1969 536 2011 multa
555 1969 693 2020 dedit,
728 1970 776 2011 in
804 1968 951 2024 priori-
970 1969 1168 2011 maxime
1188 1969 1334 2023 operis
1352 1972 1496 2025 parte,
1527 1968 1751 2012 liberioris

265 2037 452 2092 spiritus
472 2037 755 2088 documenta,
790 2037 958 2092 quibus
980 2050 1008 2079 a
1026 2038 1123 2080 veri
1142 2038 1353 2093 aequique
1370 2051 1506 2080 sensu
1533 2043 1631 2081 eta
1649 2051 1751 2094 par-

262 2105 375 2149 tium
397 2104 546 2148 studio
567 2105 759 2147 alienum
794 2118 845 2147 se
878 2105 1102 2159 praestitit.
1163 2104 1281 2147 Cum
1313 2106 1431 2149 enim
1458 2107 1752 2162 optimatium

262 2162 415 2216 causae
438 2186 492 2217 ac
512 2173 717 2229 partibus
737 2172 965 2215 addictum
984 2185 1032 2215 se
1051 2173 1327 2229 patefecerit,
1349 2178 1514 2226 tamen,
1534 2175 1608 2219 vel
1626 2176 1752 2220 vitiis

263 2242 619 2286 adversariorum
635 2255 787 2285 earum
802 2243 999 2297 partium
1017 2241 1270 2296 castigatiS,
1284 2243 1472 2286 virtutes
1491 2244 1648 2287 horum
1658 2257 1751 2288 non

262 2311 438 2363 reticet,
478 2313 631 2367 potius
666 2311 838 2367 egregie
876 2310 1135 2364 collaudat3
1186 2315 1336 2354 contra
1370 2313 1418 2354 in
1457 2313 1750 2369 optimatibus

262 2380 399 2422 etiam
418 2393 564 2423 mores
583 2394 765 2437 praVOS,
801 2381 1111 2432 temeritatem,
1144 2381 1387 2434 saevitiam,
1420 2382 1748 2438 impotentiam,

262 2447 440 2505 aliaque
463 2449 575 2492 vitia
610 2450 819 2505 agnoscit
851 2454 898 2492 et
932 2450 1174 2505 vituperat.
1234 2449 1292 2492 Id
1331 2450 1444 2493 adeo
1477 2451 1626 2495 facere
1658 2464 1751 2496 non

261 2515 502 2570 dubitavit,
523 2519 603 2561 ubi
623 2518 681 2562 ad
701 2517 900 2561 Caesaris
930 2521 976 2560 et
1005 2517 1292 2574 insequentia
1311 2522 1519 2575 tempora
1534 2522 1748 2576 pervenit,

261 2584 318 2628 de
339 2587 522 2642 quibus,
542 2589 642 2644 ipse
662 2592 765 2644 post
784 2588 1034 2630 extinctam
1054 2588 1309 2630 libertatem
1332 2589 1415 2630 sub
1442 2591 1575 2632 unius
1597 2590 1749 2645 auspi·

259 2653 344 2697 ciis
360 2661 503 2706 natus,
525 2670 625 2699 cum
645 2657 1010 2713 prudentioribus
1031 2658 1188 2708 sensit,
1206 2658 1285 2713 qui
1304 2671 1393 2700 rem
1409 2658 1544 2701 Rom.
1567 2658 1626 2700 ad
1646 2670 1748 2701 eam

258 2725 504 2780 temporum
532 2727 844 2769 necessitatem
879 2740 978 2769 esse
1010 2727 1238 2770 redactam
1266 2731 1483 2783 putarent,
1530 2733 1581 2770 ut
1611 2726 1746 2769 unius

259 2789 494 2847 imperium
525 2794 750 2837 communi
779 2795 917 2839 saluti
937 2782 1072 2851 quam
1093 2796 1292 2838 maxime
1312 2794 1597 2839 conduceret.
1655 2794 1745 2838 Ga-

258 2863 387 2905 toues
405 2862 534 2917 adeo,
565 2864 749 2919 Bruma,
769 2867 814 2910 et
832 2863 1025 2912 Cassios
1053 2864 1313 2918 admiratur,
1346 2877 1586 2922 eorumque
1605 2865 1744 2910 virtu-
