2002 3250
255 264 347 312 102

256 374 537 426 beneficium,
570 384 704 429 quam
735 376 948 415 auctores
982 371 1234 424 beneficii·;·
1269 369 1427 422 Cinna,
1453 370 1498 412 in
1531 368 1738 413 omnibns

257 444 461 489 tribubus
482 456 564 486 eos
585 456 634 485 se
655 442 1006 491 distributurum,
1026 440 1257 495 pollicitus
1285 442 1370 482 est.
1431 437 1538 491 Quo
1556 437 1741 480 nomine

257 514 479 568 ingentem
515 511 649 554 totius
684 510 831 552 Italiae
863 508 1155 564 frequentiam
1197 508 1246 550 in
1278 507 1449 550 Urbem
1484 504 1744 551 acciveratss

259 581 300 626 E
318 595 409 637 qua
428 580 584 636 pulsus
606 579 791 633 collegae
813 578 1184 634 optimatiumque
1204 577 1392 629 viribus,
1414 589 1515 620 cum
1532 576 1581 618 in'
1603 573 1738 618 Cam-

258 651 436 708 paniam
450 648 661 698 tenderet,
682 660 741 689 ex
756 646 1024 689 auctoritate
1055 650 1243 688 senatus
1262 646 1526 689 consulatus
1546 644 1590 687 ei
1608 644 1744 687 ebro-³

260 723 390 775 gatus
407 721 489 769 est,
512 717 813 771 suffectusque
834 716 880 757 in
900 716 999 772 eJus
1025 715 1179 758 locum
1211 714 1267 758 L.
1288 714 1521 758 Cornelius
1543 711 1740 766 Merula,

257 788 421 832 flamen
439 787 623 830 Dialis-⁸
682 784 803 828 Haec
822 783 1007 842 injuria¹¹
1026 784 1217 837 homine,
1240 797 1378 840 quam
1397 783 1624 839 exempIO,
1645 780 1742 836 dig·-

260 858 355 901 nior
381 856 483 899 fuit.
542 855 660 898 Tum
691 852 850 906 cinna,
885 853 1108 910 corruptis
1139 855 1284 910 primo
1317 851 1651 896 centurionibus
1686 860 1745 891 ac

261 926 468 978 tribuniS,
488 937 596 967 mox
626 924 779 974 etiam,
799 936 881 978 spe
910 923 1176 978 largitionis,
1200 922 1435 974 militibus,
1458 922 1516 964 ab
1536 931 1594 963 eo
1614 929 1743 962 exer-

263 996 370 1047 citu,
391 995 470 1050 qui
489 995 610 1037 circa
631 992 800 1035 Nolam
814 995 922 1044 erat,
941 995 1148 1046 receptus
1167 995 1249 1034 est.
1299 991 1348 1034 Is
1366 1003 1470 1033 cum
1488 990 1749 1032 universus>

262 1066 309 1109 in
325 1065 463 1108 verba
482 1063 581 1119 ejus
595 1062 823 1118 jurassem
840 1060 1036 1103 retinens
1063 1060 1259 1114 insignia
1285 1059 1559 1109 consulatus,
1578 1055 1744 1112 patriae

262 1133 428 1176 bellum
458 1130 616 1181 intulit,
652 1128 790 1171 fretus
821 1128 989 1183 ingenti
1024 1141 1207 1171 numero
1234 1140 1454 1171 novorum
1484 1126 1674 1169 civium:
1717 1125 1748 1167 θ’

264 1215 455 1258 quorum
491 1200 670 1243 delectu
710 1209 816 1240 occ.
849 1197 1049 1252 amplius
1082 1196 1290 1240 cohortes
1325 1195 1668 1250 conscripserat,
1689 1205 1749 1236 ac

264 1270 444 1326 triginta
469 1270 694 1324 legionum
727 1267 873 1309 instar
900 1264 1188 1321 impleverat.¹
1245 1265 1377 1321 Opus
1409 1261 1520 1307 erat*
1539 1262 1750 1320 partibus

267 1339 585 1389 auctoritate,¹0
605 1337 769 1391 gratia:
801 1335 931 1392 cujus
960 1332 1206 1390 augendae,¹
1236 1333 1289 1377 G.
1314 1333 1511 1377 Marium
1527 1344 1631 1375 cum
1649 1330 1746 1375 filio

267 1408 323 1450 de
341 1407 478 1450 exilio
498 1405 744 1456 revocavit,
766 1404 933 1460 quique
954 1412 1057 1446 cum
1076 1403 1134 1445 iis
1154 1403 1275 1460 pulsi
1293 1407 1431 1447 erant.
1744 1398 1746 1401 ’

693 277 735 309 C.
769 275 973 309 vanum
1007 273 1295 307 PATRRCULI

310 1547 324 1563 ²
346 1541 460 1582 Itaque
471 1549 542 1572 cum
555 1539 614 1579 jus
627 1538 744 1571 civium
759 1538 974 1570 Romanorum
1000 1537 1107 1571 Italia
1130 1539 1240 1571 datum
1253 1542 1332 1571 esset
1349 1548 1386 1571 eu
1405 1536 1595 1578 conditione,
1613 1539 1650 1571 ut
1673 1535 1751 1568 novi

267 1586 350 1619 cives
359 1584 579 1625 redigerentur
590 1583 626 1615 in
646 1585 714 1614 octo
730 1580 842 1620 tribus,
858 1591 898 1613 ne
917 1590 1022 1613 eorum
1034 1581 1176 1623 potentia
1190 1587 1285 1624 atque
1300 1581 1472 1614 multitudo
1486 1581 1641 1613 minueret
1655 1579 1748 1611 decus

267 1632 408 1662 veterum
421 1628 558 1664 ciuiuus,-
580 1629 612 1658 εἰ
624 1635 675 1668 ne,
687 1625 741 1667 qui
750 1624 939 1666 recepissent
951 1624 1015 1658 hoc
1030 1624 1224 1668 beneficium,
1236 1625 1430 1667 potentiores
1432 1624 1567 1668 fierent,
1585 1632 1680 1666 quam
1694 1622 1750 1666 qui

266 1673 347 1705 illud
360 1670 576 1710 confidissent,
589 1670 642 1712 ξε.

307 1713 330 1743 Ι
348 1714 421 1752 Qua
434 1715 473 1747 de
486 1722 581 1746 causa
594 1711 848 1745 advoc-amatia
858 1710 965 1743 urbem
981 1720 1022 1743 ex
1036 1713 1105 1743 tota
1121 1711 1221 1745 Italia
1235 1711 1411 1747 maximam
1424 1710 1672 1744 multitudinem.

310 1764 329 1787 1
354 1759 434 1791 Cum
447 1757 612 1791 universus
621 1756 780 1789 exercitus
792 1757 1021 1788 sacramentum
1031 1754 1062 1786 ei
1074 1754 1223 1798 dixisset,
1236 1757 1292 1798 ᾄο.

889 1839 1128 1853 ΝΜΟ

270 1900 336 1931 -9
358 1897 426 1931 Ed.
452 1906 505 1940 pr.
532 1896 790 1929 universum-10
813 1894 902 1928 Post
930 1895 1125 1928 auctoritate
1155 1895 1374 1938 interpungit
1403 1895 1469 1929 Ed.
1500 1905 1553 1937 pr.
1583 1898 1621 1928 at
1646 1870 1747 1928 secus

270 1951 372 1975 mox:
391 1941 503 1982 gratia
526 1940 615 1981 cujus
639 1940 793 1980 augendoe
809 1939 847 1972 C.
863 1940 927 1980 Μ.,
948 1941 1003 1981 sse.
1027 1939 1254 1972 Recentiores
1279 1940 1368 1972 Edd.
1399 1939 1631 1972 emendarunt
1660 1940 1749 1980 Opus

272 1989 343 2017 erat
355 1984 512 2026 partibus,
525 1983 728 2024 auctoritate,
740 1982 851 2023 gratia
861 1992 872 2014 .·
894 1982 994 2023 cnjus,
1005 1984 1061 2024 &a
1075 1983 1402 2024 Interpunctionem
1414 1992 1498 2015 vero
1509 1986 1591 2024 post
1626 1981 1750 2014 artibus

270 2029 437 2061 damnant
446 2038 523 2061 cum
534 2026 686 2060 Krausio
695 2026 878 2059 Ruhnken.
889 2027 949 2069 qui
962 2036 1083 2059 vocem
1096 2027 1189 2059 illam
1200 2027 1237 2059 in
1247 2027 1380 2060 Dativo
1388 2027 1532 2069 capiunt
1542 2026 1587 2060 de
1613 2025 1751 2059 actione

941 2134 1087 2170 NOTAE

316 2230 332 2255 Ι
354 2225 487 2259 Flamen
515 2223 642 2267 Dialis]
671 2223 843 2257 Sacerdos
870 2222 984 2258 Jovis.

272 2277 385 2311 Dialis
397 2277 526 2310 dicitur
537 2276 599 2310 ἀπὸ
609 2277 667 2309 τοῦ
677 2274 762 2318 Διὸς,
771 2275 891 2317 aJove,
902 2285 983 2318 qua-

272 2329 301 2362 si
315 2329 472 2363 Jovialis.
520 2329 611 2361 Nam
623 2328 796 2360 Flamines
809 2326 853 2358 ab
868 2335 910 2359 eo
924 2336 985 2358 nu-

273 2379 378 2420 rnine,
388 2379 443 2411 cui
453 2389 551 2417 sacra
562 2377 751 2418 faciebant,
762 2377 985 2410 assumebant

271 2431 336 2464 sibi
353 2439 556 2472 cognomen.
601 2429 705 2462 Unde
721 2433 838 2461 autem
855 2428 988 2461 momen

275 2481 487 2528 deducitur?
531 2479 565 2513 A
593 2479 666 2519 filo,
693 2479 804 2521 inquit
833 2479 987 2520 servius,

274 2543 343 2577 quo
357 2532 578 2572 Sacerdotes,
592 2530 740 2564 maxime
763 2530 884 2563 aestivo
900 2534 985 2563 tem·

274 2594 374 2628 pore,
400 2589 507 2627 caput
531 2582 732 2624 cingebant.
777 2582 865 2615 Cum
895 2581 986 2614 enim

275 2636 405 2679 pileum
425 2634 520 2667 ferre
536 2644 598 2677 per
614 2638 735 2666 aestnm
751 2642 818 2665 non
833 2637 990 2675 possent,

275 2687 437 2720 incedere
465 2696 547 2719 vero
569 2687 662 2718 nudo
684 2685 802 2727 capite
824 2683 921 2717 nefas
936 2694 989 2716 es-

276 2742 344 2780 set,
381 2743 514 2771 tantum
551 2737 609 2770 filo
645 2741 750 2780 caput
784 2735 990 2781 religabant-

276 2789 332 2823 Ex
358 2799 425 2831 quo
455 2790 540 2822 dicti
579 2795 659 2823 suut
688 2788 877 2831 Flumineo,
912 2792 988 2821 tan-

278 2841 382 2885 quam
400 2840 598 2874 Filamines.

319 2899 337 2924 Β
359 2900 443 2935 Hm
463 2899 599 2942 iniuria]
630 2900 756 2934 Sensus
778 2902 853 2933 est:
886 2897 993 2935 Haut

1038 2224 1180 2268 quidem
1197 2223 1358 2268 injuriam
1376 2223 1455 2258 talis
1479 2223 1581 2256 homo
1594 2220 1753 2255 mereba-

1040 2280 1120 2310 tur:
1158 2281 1196 2310 at
1227 2277 1297 2310 tale
1327 2274 1525 2309 severitatis
1553 2273 1752 2316 exemplum

1039 2329 1190 2362 dandum
1202 2339 1271 2361 non
1282 2327 1418 2369 fuisset,
1427 2326 1508 2370 quia
1522 2325 1754 2368 periculosum

1039 2390 1115 2415 esse
1129 2384 1282 2423 poterat.

1082 2431 1092 2454 ¹
1113 2433 1163 2466 Ac
1176 2433 1318 2473 triginta
1343 2430 1503 2472 legionum
1524 2429 1630 2461 instar
1644 2427 1754 2469 imple-

1039 2483 1144 2526 verat]
1169 2483 1325 2516 Gallice:
1358 2486 1391 2515 et
1414 2481 1440 2514 il
1462 2490 1501 2514 en
1517 2478 1626 2520 formu
1649 2481 1755 2511 treme

1039 2546 1141 2579 corps,
1157 2546 1274 2568 comme
1288 2536 1401 2567 autam
1417 2535 1457 2566 de
1467 2532 1599 2574 leg-iona.

1085 2586 1101 2610 ἱ
1125 2587 1216 2630 Opus
1230 2585 1317 2628 erut]
1338 2585 1466 2619 Sensus
1494 2587 1573 2617 est:
1607 2580 1665 2615 Ad
1680 2580 1757 2614 haee

1042 2639 1170 2680 omnia,
1185 2647 1327 2671 necesse
1343 2639 1421 2670 erat
1429 2634 1615 2669 factionem
1627 2629 1759 2679 conflua

1047 2700 1104 2724 re:
1129 2699 1215 2733 opus
1231 2693 1309 2722 erat
1335 2687 1560 2728 auctoritate,
1577 2688 1615 2717 et
1631 2681 1757 2727 granu,

1046 2743 1089 2774 ad
1107 2750 1208 2784 quam
1223 2739 1418 2782 augendam
1434 2738 1479 2771 de
1496 2736 1601 2771 exilio
1613 2742 1760 2768 revoca-⁴

1043 2793 1093 2825 vit
1108 2793 1148 2826 C.
1162 2792 1326 2832 Marium,
1342 2792 1408 2824 &c.

1085 2843 1096 2867 ¹
1118 2845 1220 2885 Cujus
1246 2843 1416 2889 augendae]
1458 2840 1606 2885 Optima
1641 2836 1762 2887 lectio,

1042 2905 1106 2939 per
1122 2895 1380 2931 Hellenismunr
1391 2893 1478 2928 satis
1491 2896 1627 2927 notum.
1680 2902 1683 2907 ·
1720 2892 1734 2905 ·”
1756 2895 1760 2905 ’·
