2008 3210
357 246 505 292 xxxvi

399 356 719 391 cissimumludicrum
735 362 893 398 certamen
915 359 970 398 i,8
991 361 1066 392 belli

400 406 501 433 metus
525 402 668 434 stabilem
694 406 727 434 et
741 402 895 434 firmatum
910 407 1067 445 tantorum

399 445 552 476 bellorum
563 445 758 488 experientia
772 446 911 478 animum
921 447 1025 489 quatit
1035 453 1067 479 et

399 492 494 520 terret
514 489 548 526 ii,
562 492 627 522 110
664 489 862 522 simulatione
887 495 995 523 contra
1010 492 1066 522 ali—

399 541 506 573 quem,
529 532 633 564 animo
649 542 705 575 pro
732 532 839 574 aliquo
862 537 943 566 stare
974 534 1008 573 ii,
1023 537 1066 566 48

398 574 510 606 animis
534 581 567 607 et
592 576 690 608 oculis
716 576 870 618 subjicere
903 577 937 615 ii,
952 579 996 610 89
1018 578 1066 609 in-

397 619 513 650 haerere
536 619 558 655 i,
576 622 628 651 14.
645 619 678 657 ii,
690 621 754 652 126

355 661 493 692 Annona
509 662 610 704 gravis
621 663 731 694 urebat
753 662 787 700 ii,
798 665 840 695 77
880 664 1068 695 moderatior

397 705 432 742 ii,
450 707 513 737 126
550 715 684 738 annonae
700 706 833 738 maxima
844 706 1011 739 difficultas
1032 707 1067 745 ii,

354 790 467 822 Annus
481 791 532 823 hic
545 791 625 823 vidit
639 792 775 834 aliquem
791 793 950 824 consulem
973 793 1008 831 ii,
1024 796 1065 826 65

398 835 474 865 anni
502 840 691 867 vacaverunt
731 846 858 867 munere
889 835 1067 879 (deducen-

398 879 507 909 darum
520 878 730 919 coloniarum)
754 879 777 916 i,
793 882 835 912 14
858 889 975 911 annum
991 891 1068 912 xrx.

397 921 553 963 ingressus
574 922 659 959 ii,61
687 933 793 953 xvm.
805 927 1011 965 transgressus
1033 924 1067 961 ii,

398 967 418 996 7
453 965 486 995 in
513 965 613 996 denos
637 975 737 996 annos
766 965 944 998 Archontes
972 967 1069 999 creari

398 1012 562 1049 coeperunt
584 1008 606 1045 i,
624 1011 644 1040 8
678 1009 874 1040 consuetudo
903 1011 1018 1042 mansit
1034 1010 1068 1043 in

398 1061 483 1081 Lxx.
506 1060 618 1088 annos,
634 1051 712 1082 ibid.
734 1052 813 1083 vixit
827 1052 917 1083 annis
935 1063 990 1084 xc.
1006 1053 1029 1091 i,
1048 1056 1065 1086 l

397 1093 457 1136 (cf.
482 1094 504 1131 i,
517 1097 549 1127 6.
559 1098 588 1126 7-
604 1093 642 1136 8)
672 1099 744 1136 post
757 1095 799 1126 U.
811 1106 840 1127 c.
856 1097 945 1127 annis
960 1101 1021 1128 etc.
1035 1097 1069 1134 ii,

361 1171 365 1177 ,
396 1140 451 1169 49.
466 1140 521 1169 65.
537 1140 601 1170 103
625 1138 695 1168 urbs
719 1139 827 1170 Attica
857 1139 999 1181 pluribus
1012 1151 1067 1171 an-

398 1180 448 1211 nis
463 1180 657 1222 eloquentia,
674 1191 768 1223 quam
782 1182 926 1214 universa
947 1183 1070 1215 Graecia

397 1224 555 1264 operibus,
570 1224 676 1255 floruit
699 1225 720 1262 i,
738 1228 778 1257 18
802 1225 959 1267 (Sensusz
992 1227 1069 1258 Plu-

395 1277 444 1298 res
459 1272 533 1298 sunt
543 1268 630 1304 anni,
647 1268 761 1310 quibus
771 1267 906 1301 Athenae
919 1270 1069 1312 eloquen-

343 1306 353 1324 ’“
395 1310 441 1341 tia
454 1310 638 1348 floruerunt,
649 1322 744 1354 quam
756 1312 947 1355 eloquentiae
959 1324 1066 1356 opera,

396 1363 468 1395 quae
481 1364 512 1385 u.
530 1354 571 1385 G.
588 1354 736 1396 protulit)
1010 1371 1013 1374 >

352 1397 526 1429 Antecedit
542 1403 656 1439 potens
672 1398 869 1431 humiliorem
881 1399 927 1437 ii,
940 1402 1005 1432 126

352 1440 512 1482 Antiquus
528 1441 578 1484 (h.
594 1452 623 1473 e.
639 1443 782 1483 severus)
807 1443 852 1474 vir
867 1447 899 1473 et
914 1443 1014 1484 gravis
1036 1443 1070 1480 ii,

394 1485 438 1516 49
461 1484 668 1526 antiquissimi
684 1485 776 1516 moris
793 1485 840 1517 vir
872 1485 906 1523 ii,
925 1489 988 1518 116
1011 1486 1069 1530 (cf.

394 1526 430 1563 ii,
441 1529 514 1559 125.
530 1530 573 1560 78

351 1567 484 1610 Aperite
506 1527 591 1602 viani
610 1571 762 1612 potentiae
784 1570 879 1603 Rom.
895 1577 928 1603 et
943 1572 1071 1603 luxuriae

393 1612 428 1650 ii,
445 1616 463 1645 l
502 1613 560 1657 (cf.
582 1613 662 1657 Via)
695 1614 943 1656 conjurationem
966 1615 1071 1659 (pate-

395 1655 515 1698 facere)
538 1657 573 1695 ii,
589 1659 631 1689 34
655 1657 769 1688 limites
792 1658 827 1695 ii,
845 1661 908 1691 120
933 1665 938 1667 “

350 1697 534 1740 Apparatus
574 1700 788 1742 (supellectile
811 1701 1014 1733 aedificiorum
1039 1707 1072 1733 et

394 1741 574 1785 epularum)
597 1744 631 1781 ii,
647 1746 689 1775 33
724 1749 892 1786 apparatus
922 1745 1071 1786 triumphi

392 1785 483 1827 (quae
510 1787 542 1817 in
567 1790 692 1828 pompa
708 1787 856 1829 triumphi
871 1789 1072 1830 gestabantur

392 1829 545 1870 imagines
561 1829 683 1861 urbium
698 1835 859 1872 captarum
873 1831 952 1874 etc.)
977 1831 1010 1870 ii,
1027 1835 1070 1864 56

351 1870 539 1913 Appellatio
555 1872 759 1914 Imperatoria
781 1873 815 1912 ii,
832 1877 894 1906 125

350 1914 518 1955 Appulsus
535 1915 612 1958 ripae
634 1915 668 1954 ii,
686 1919 748 1949 107

349 1957 447 1998 Apud
475 1964 639 1990 veteranos
655 1959 836 1991 criminatus
851 1965 899 1993 est
913 1961 1068 1994 Caesarem

394 2001 516 2037 (coram
541 2002 714 2044 veteranis)
736 2003 771 2040 ii,
795 2006 839 2035 74
872 2005 957 2046 apud
985 2006 1069 2047 opti-

391 2054 476 2076 mum
493 2056 650 2088 quemque
664 2045 790 2080 Luculli
808 2046 999 2090 triumphurn
1021 2049 1068 2080 fa-

394 2089 563 2120 vorabilem
578 2089 655 2120 fecit
669 2089 814 2132 Pompeii
835 2090 955 2122 invidia
976 2091 1010 2129 ii,
1022 2095 1067 2124 34

394 2133 480 2172 apud
507 2132 644 2174 aliquem
671 2133 795 2175 epulari
824 2133 859 2172 ii,
884 2137 944 2167 101
981 2136 1066 2176 apud

390 2174 535 2206 vitricum
563 2177 716 2207 educatus
731 2176 782 2219 (in
797 2177 892 2208 domo
908 2177 956 2219 v.)
979 2178 1012 2216 ii,
1024 2182 1068 2210 59

393 2219 479 2259 apud
495 2218 585 2260 signa
600 2219 791 2261 trepidatum
804 2226 854 2252 est
876 2221 910 2258 ii,
928 2224 990 2253 112

348 2259 452 2302 Aqme
473 2261 655 2294 salubritate
678 2264 904 2306 medendisque
930 2265 1067 2307 corpori-

394 2305 452 2335 bus
467 2305 589 2336 nobiles
608 2305 642 2343 ii,
657 2308 700 2338 25

348 2347 389 2377 ab
413 2347 546 2379 Arbitris
569 2349 716 2380 immunis
739 2350 851 2381 domus
873 2350 976 2393 (haud
1010 2351 1065 2383 ob-

392 2391 487 2422 noxia
500 2391 606 2423 oculis.
614 2393 863 2436 speculantium)
885 2394 920 2431 ii,
937 2397 979 2427 14

347 2432 521 2466 Arbitrium
544 2434 720 2478 (regimen)
743 2447 836 2468 omne
862 2437 985 2469 classici
999 2449 1064 2470 cer-

393 2477 518 2510 taminis
533 2479 732 2510 commissum
756 2480 850 2511 alicui
873 2480 908 2518 ii,
925 2482 966 2513 85
1003 2481 1066 2524 (cf.

392 2520 615 2564 committere)
631 2523 757 2554 arbitria
770 2533 923 2555 armorum
936 2529 1064 2566 captare

390 2563 563 2606 (judicium
589 2565 631 2596 de
653 2565 751 2604 bello,
771 2565 859 2608 juste
882 2577 923 2598 an
949 2567 1066 2609 injuste

391 2612 553 2650 suscepto,
567 2608 628 2640 sibi
644 2609 804 2652 arrogare)
826 2610 861 2647 ii,
873 2613 916 2642 50
938 2612 1064 2642 arbitrio

390 2660 448 2682 suo
471 2661 591 2683 sumere
619 2651 740 2695 aliquid
764 2653 909 2697 (quando
925 2655 983 2686 sibi
997 2655 1065 2698 pla-

391 2693 496 2736 ceret)
517 2694 552 2732 ii,
569 2697 610 2727 323

347 2735 469 2768 Arcere
482 2738 600 2779 rapinis
621 2738 656 2776 ii,
672 2741 716 2772 32

347 2778 495 2811 Arctatus
517 2781 675 2824 (angustis
689 2781 838 2815 limitibus
848 2784 1064 2827 circumscrip-

390 2820 457 2864 tus)
479 2822 515 2860 ii,
530 2826 583 2855 86.
598 2825 620 2862 i,
633 2828 674 2858 16

347 2864 534 2897 Aretissima
545 2867 679 2900 affinitas
701 2869 735 2906 ii,
753 2872 817 2902 100

345 2906 478 2941 Arctum
493 2909 663 2945 confinium
678 2911 711 2950 ii,
727 2915 787 2946 124
804 2913 835 2944 in
849 2919 967 2946 arctum
983 2925 1059 2947 con-

1020 258 1185 291 mmlx

1162 364 1261 392 tracta
1275 370 1375 394 rerum
1390 360 1501 394 notitia
1523 360 1544 399 i,
1560 363 1600 395 14

1117 404 1151 435 in
1182 403 1283 436 Arcus
1309 405 1444 437 colorem
1467 405 1517 448 (in
1540 415 1645 437 arcum
1671 403 1833 440 coelestem

1159 447 1393 491 versicolorem)
1406 449 1591 481 rotundatus
1603 448 1677 480 solis
1691 449 1774 482 orbi·
1794 450 1830 488 ii,

1117 532 1221 565 Ardor
1234 533 1295 564 oris
1310 533 1475 577 (orationis
1501 533 1715 579 vehementia)
1736 533 1773 575 fi,
1786 538 1830 568 8⁵

1162 577 1301 608 ardorem
1329 577 1425 609 animi
1449 578 1538 610 vultu
1563 579 1727 622 oculisque
1749 588 1831 622 prae—

1160 620 1263 651 ferens
1284 620 1318 657 ii,
1332 623 1396 654 118

1118 663 1224 694 Arena
1238 668 1271 695 et
1280 663 1367 696 calce
1381 663 1556 706 perpolitus
1572 664 1660 696 locus
1681 664 1716 703 ii,
1731 667 1776 698 22

1117 706 1257 748 Arguere
1268 706 1300 738 in
1312 706 1353 738 ali
1378 717 1418 738 uo
1433 707 1519 750 regni
1534 707 1728 740 voluntatem
1738 708 1774 746 ii,
1788 711 1833 740 68

1117 749 1346 791 Argumentum
1355 717 1618 794 {documentuuo
1629 751 1666 789 ii,
1676 753 1731 797 14.
1742 751 1768 790 i,
1780 755 1834 784 15.

1163 793 1196 830 ii,
1211 796 1255 826 38
1717 797 1723 802 ’

1119 836 1214 868 Arma
1241 836 1391 878 corripuit
1415 836 1450 874 ii,
1468 839 1530 869 110
1542 836 1600 911 Si.
1620 836 1668 880 e.)
1689 837 1776 880 cepit
1797 837 1832 875 ii,
1884 852 1887 856 ·

1163 883 1275 912 15.16
1313 880 1353 910 ad
1385 890 1469 911 arma
1494 880 1540 912 itu
1602 885 1650 912 est
1671 881 1707 919 ii,
1720 883 1764 914 48
1797 878 1832 912 in

1162 932 1246 953 arma
1264 933 1442 964 processum
1465 923 1498 961 ii,
1515 926 1576 956 125
1615 934 1700 956 arma
1723 928 1833 956 contra

1162 966 1240 997 ferre
1256 966 1338 1009 (sine
1354 965 1438 1008 acc.)
1459 966 1494 1004 ii,
1509 969 1564 1000 28.
1579 969 1619 999 87
1644 966 1733 1010 (cum
1748 967 1835 1010 aec.)

1163 1009 1198 1046 ii,
1211 1012 1254 1041 56
1275 1009 1388 1040 inferre
1410 1009 1444 1047 ii,
1461 1012 1525 1042 120
1556 1009 1696 1042 conferre
1718 1010 1752 1048 ii,
1768 1013 1833 1044 114

1162 1053 1321 1094 deponere
1342 1053 1377 1089 ii,
1394 1055 1437 1084 16
1462 1053 1583 1085 tradere
1605 1053 1642 1092 ii,
1659 1056 1724 1087 106
1758 1053 1832 1086 sub-

1164 1096 1288 1127 mittere
1310 1095 1345 1133 ii,
1359 1098 1401 1128 85
1436 1096 1569 1128 retinere
1592 1097 1626 1134 ii,
1643 1099 1696 1129 18.
1710 1100 1753 1130 27
1783 1108 1833 1129 ar-

1163 1139 1221 1169 mis
1238 1140 1283 1170 uti
1306 1139 1339 1176 ii,
1355 1141 1429 1171 114.
1447 1142 1512 1172 119
1545 1140 1596 1183 (h.
1611 1139 1660 1184 e.)
1692 1150 1833 1182 pugnare

1164 1182 1256 1213 armis
1278 1182 1311 1219 ii,
1335 1185 1398 1214 124
1433 1182 1512 1225 (Pro
1529 1187 1646 1215 armata
1658 1183 1700 1222 vi,
1715 1185 1833 1217 exerci-

1164 1225 1246 1256 tibus
1256 1224 1282 1269 ε)
1297 1236 1428 1268 quorum
1444 1236 1529 1257 arma
1542 1226 1714 1258 viceramus
1741 1226 1777 1265 ii,
1790 1230 1834 1260 34

1165 1269 1256 1299 armis
1271 1269 1351 1301 tueri
1361 1269 1524 1311 imperium
1547 1269 1583 1308 ii,
1595 1273 1636 1302 15
1657 1279 1745 1302 arma
1756 1281 1835 1303 con-

1164 1312 1278 1343 sularia
1300 1313 1334 1350 ii,
1349 1315 1392 1346 68
1415 1313 1507 1344 armis
1528 1313 1693 1356 quaesitum
1717 1313 1834 1356 princi-

1165 1360 1272 1396 patum
1282 1355 1373 1387 armis
1383 1361 1488 1388 tenere
1504 1356 1538 1395 ii,
1546 1359 1595 1394 157
1610 1357 1702 1388 armis
1712 1357 1833 1400 perlus-

1165 1405 1244 1430 trare
1270 1403 1382 1430 terram
1405 1400 1440 1437 ii,
1458 1402 1522 1432 106
1557 1400 1650 1431 annis
1675 1410 1832 1443 occupare

1165 1446 1275 1473 terram
1299 1441 1333 1479 ii,
1350 1445 1414 1475 110
1437 1443 1528 1474 armis
1557 1447 1664 1482 tenere
1677 1444 1776 1486 ripam
1798 1444 1834 1482 ii,

1167 1487 1228 1517 107
1251 1490 1379 1527 propter
1390 1486 1568 1527 potentiora
1582 1496 1668 1518 arma
1679 1486 1834 1530 refugere,

1165 1538 1221 1558 sua
1235 1528 1338 1560 facere
1362 1529 1579 1570 potentissima
1601 1529 1635 1567 ii,
1652 1532 1716 1562 108
1747 1539 1832 1562 arma

1165 1572 1207 1601 ad
1223 1571 1296 1602 belli
1310 1571 1425 1602 molem
1438 1572 1579 1604 conferre
1602 1572 1638 1610 ii,
1656 1575 1720 1605 11⁶
1743 1574 1836 1605 annis

1167 1614 1295 1652 habilia,
1325 1614 1421 1646 millia
1447 1615 1589 1657 peditum
1618 1615 1668 1658 (h.
1691 1626 1720 1648 e.
1742 1617 1834 1648 armis

1165 1657 1316 1689 instructa
1355 1662 1388 1689 et
1417 1658 1592 1701 disciplinae
1621 1658 1762 1703 assueta)
1797 1659 1833 1698 ii,

1166 1704 1230 1733 110
1253 1701 1334 1744 (Pro
1348 1701 1444 1739 bello,
1461 1702 1575 1744 passim
1589 1701 1616 1745 z)
1630 1702 1664 1734 in
1678 1712 1763 1735 arma
1784 1703 1834 1734 in—

1165 1744 1278 1786 stigare
1300 1745 1323 1782 i,
1342 1747 1383 1778 12
1419 1745 1452 1776 in
1479 1755 1565 1777 arma
1585 1755 1727 1778 accensae
1751 1747 1834 1778 nati-

1164 1798 1240 1819 ones
1263 1787 1353 1825 ii,98
1386 1789 1426 1819 ad
1457 1799 1541 1820 arma
1565 1789 1714 1821 conciens
1729 1790 1833 1821 multi*

1163 1831 1304 1862 tudinem
1328 1831 1362 1869 ii,
1377 1835 1420 1864 74
1443 1833 1484 1864 ad
1510 1842 1595 1864 arma
1608 1831 1718 1864 alienis
1741 1833 1834 1865 armis

1162 1874 1343 1916 compulsus
1366 1875 1400 1911 ii,
1417 1878 1460 1907 50
1490 1876 1572 1908 inter
1597 1885 1682 1907 arma
1696 1881 1834 1908 versatus

1163 1917 1186 1954 i,
1211 1921 1251 1949 13
1275 1918 1366 1949 armis
1384 1925 1490 1959 petere
1512 1919 1548 1956 ii,
1562 1922 1606 1952 68
1626 1919 1729 1962 frangi
1751 1919 1775 1958 i,
1790 1923 1832 1954 12

1163 1960 1290 2003 infringi
1313 1961 1346 1999 ii,
1362 1964 1404 1994 37
1427 1962 1563 2005 opprimi
1598 1962 1634 2000 ii,
1649 1965 1692 1995 28
1714 1961 1832 2005 Hispa-

1163 2004 1212 2034 nis
1241 2003 1437 2037 Romanisne
1467 2006 1499 2037 iu
1531 2005 1622 2037 armis
1650 2006 1722 2048 plus
1750 2011 1834 2042 esset

1162 2047 1279 2078 roboris
1301 2047 1335 2086 ii,
1353 2051 1395 2081 90
1431 2048 1598 2080 Sertorium
1611 2049 1702 2081 armis
1715 2048 1833 2090 extulit

1162 2089 1333 2133 Hispania,⁴
1357 2092 1434 2123 ibid.
1473 2092 1564 2124 armis
1587 2091 1682 2135 patris
1697 2091 1797 2135 (bello
1811 2102 1832 2124 a

1162 2139 1249 2175 patre
1265 2134 1370 2177 gesto)
1385 2135 1579 2167 vindicatum
1594 2145 1676 2168 mare
1697 2135 1732 2174 ii,
1747 2138 1790 2169 ‘13
1809 2144 1812 2146 “

1117 2176 1259 2208 Armavit
1284 2178 1341 2221 (ad
1367 2178 1484 2210 bellum
1506 2178 1633 2220 eduxit)
1667 2187 1829 2222 nunquam

1162 2220 1252 2260 plura
1280 2231 1372 2263 quam
1402 2222 1511 2254 decem
1538 2221 1634 2254 millia
1665 2220 1733 2254 haec
1760 2223 1833 2254 urbs

1161 2263 1195 2301 ii,
1219 2267 1235 2296 1
1272 2269 1398 2296 senatus
1437 2265 1603 2297 auctoritas
1645 2263 1834 2307 Pompeium

1162 2307 1296 2348 (bellum
1311 2308 1465 2340 commisit
1476 2308 1506 2339 ei
1529 2307 1717 2352 gerendum)
1739 2309 1773 2347 ii,
1787 2312 1833 2345 49

1119 2349 1251 2381 Artibus
1283 2350 1488 2395 (calliditate)
1517 2357 1647 2384 mortem
1677 2353 1832 2394 quaesivit,

1164 2393 1278 2434 quibus
1290 2395 1329 2425 ab
1344 2394 1465 2436 ignavis
1482 2395 1545 2427 vita
1561 2395 1660 2437 quaeri
1674 2395 1755 2428 solet
1775 2396 1832 2435 5,ss

1118 2435 1300 2468 Ascendere
1316 2437 1348 2468 in
1364 2438 1517 2474 summum
1540 2439 1563 2476 i,
1582 2442 1622 2472 17
1632 2438 1679 2470 ‘in
1692 2438 1726 2470 id
1740 2449 1832 2472 evec-

1160 2485 1221 2518 tus,
1237 2491 1331 2522 super
1342 2482 1429 2523 quod
1445 2481 1576 2515 ascendi
1588 2492 1659 2524 non
1669 2482 1775 2524 potest
1795 2482 1832 2521 ii,

1158 2526 1199 2555 53
1237 2525 1297 2555 nisi
1312 2524 1344 2555 in
1361 2525 1393 2556 id
1409 2525 1615 2565 ascendisset,
1637 2535 1657 2557 e
1672 2535 1736 2568 quo
1750 2525 1832 2559 infla

1158 2577 1191 2598 se
1204 2567 1291 2599 videt
1307 2567 1463 2600 Caesarem
1488 2569 1522 2607 ii,
1539 2571 1584 2602 76
1624 2607 1626 2609 ‚
1804 2577 1807 2582 '

1114 2608 1239 2652 Aspera
1258 2611 1398 2655 (severa)
1420 2622 1551 2644 censura
1572 2612 1595 2651 i,
1608 2614 1651 2645 10
1673 2617 1832 2654 asper-ac

1157 2655 1246 2685 rudia
1275 2655 1376 2698 (haud
1406 2656 1560 2699 perpolita
1584 2652 1679 2698 opera
1708 2655 1830 2686 drama-

1159 2697 1237 2739 tica)
1270 2698 1293 2736 i,
1311 2701 1351 2730 17
1389 2699 1556 2740 asperrima
1570 2699 1694 2742 ¹>hyems
1714 2694 1749 2737 ii,
1765 2700 1828 2731 113

1158 2741 1360 2783 asperrimum
1378 2743 1493 2774 bellum
1517 2742 1550 2780 ii,
1565 2741 1629 2776 10⁵

1114 2784 1182 2816 sine
1197 2784 1377 2826 Asperitate
1401 2784 1552 2830 (saevitia)
1577 2789 1703 2817 senatus
1723 2784 1830 2822 ,lectus

1134 2838 1135 2841 ¹
1157 2828 1191 2865 ii,
1205 2830 1248 2860 89

1112 2870 1291 2912 Aspen-ime
1317 2871 1349 2902 in
1369 2870 1575 2904 *Th-Gracchi
1590 2872 1706 2905 amicos
1721 2871 1829 2903 savie-

1159 2919 1228 2945 rant
1250 2914 1282 2951 ii,
1299 2917 1318 2946 7
