2008 3210
315 243 402 286 422

317 350 576 383 numismatibus
638 350 767 383 dicitnr
813 360 847 384 ι».
888 359 1027 384 uvam.

317 409 498 434 Αοιιινιηι.
530 410 587 433 ιιι.
641 409 718 433 vm.
745 409 781 434 Α.
811 409 847 433 Α.
876 410 913 433 Α.
937 409 968 434 1³¹.
996 409 1027 434 Β.

321 449 467 484 Ursinus.
502 452 552 483 M.
558 451 672 492 Lario]
686 452 782 484 Lario
794 452 887 485 estin
899 451 1028 494 Dione,

318 507 355 535 et
371 506 482 534 recte.
514 502 652 544 Lipsius.

361 552 507 594 Sosivque
520 552 733 595 commissum]
760 553 1028 593 Verumssossio.

318 604 527 636 Plutarchus
553 605 627 636 haec
654 605 767 637 onmia
791 606 894 647 longe
915 606 1027 646 aliter,

318 665 381 688 uec
409 655 560 688 Sossinm
593 657 683 689 inter
713 656 817 689 duces
855 657 1028 698 agnoscit.

320 706 386 739 Dio
403 716 483 738 vero
499 707 604 739 etiam
627 713 800 739 mortuum
823 707 917 740 illum
941 707 1029 741 facit

318 758 354 789 in
373 757 441 789 levi
466 767 581 799 pugna
604 762 723 790 contra
747 759 788 790 L.
803 758 1027 791 'Pauresiumz

320 809 353 840 in
369 818 449 850 qua,
463 814 675 849 superventu
698 808 880 852 Agrippae,
893 809 968 851 ipse
992 814 1030 842 et

316 859 604 892 Tarcondimotus
620 860 688 893 sint
700 861 795 892 caesi.
823 860 900 893 Hoc
914 861 1030 902 paullo

319 913 400 942 aute
414 909 594 942 Actiacam
612 920 774 952 pugnam.
822 910 870 943 At
881 921 963 944 ecce
980 912 1028 944 vi-

319 970 398 993 vum
414 970 492 993 eum
509 961 635 993 iterum
651 960 737 994 facit
752 962 853 994 initio
878 962 957 995 libri
979 972 1031 995 se-

319 1012 469 1054 quentis,
493 1017 530 1044 et
561 1013 654 1045 inter
680 1023 739 1045 eos
770 1014 881 1055 ponit,
906 1013 1030 1056 quibus

317 1064 492 1106 ignoverit
509 1065 637 1097 Caesar.
662 1066 755 1100 Quid
773 1066 886 1098 dicam
900 1066 1032 1109 nescio,

319 1115 383 1146 nisi
399 1115 489 1147 haud
506 1125 610 1147 uuum
623 1116 775 1148 sossium
791 1115 911 1149 fuisse.
929 1117 1030 1150 Idem.

320 1165 468 1207 Sosioque
482 1166 695 1208 commissum]
740 1167 890 1208 Lipsius,
913 1168 1031 1201 Sessio.

320 1217 367 1249 Et
382 1216 429 1249 ita
446 1216 575 1249 Graeci.
605 1217 675 1250 Sed
692 1217 807 1250 Latini
823 1227 940 1250 ornnes
954 1228 1031 1250 cum

320 1268 454 1301 Velleio
468 1269 601 1301 Sosium
618 1274 753 1303 vocant.
783 1270 915 1302 Extant
925 1270 1031 1303 etiam

320 1320 525 1352 numismata
557 1319 717 1360 Antonii,
738 1320 774 1352 in
800 1330 944 1363 quorum
973 1321 1032 1353 ad-

322 1382 419 1404 versa
448 1378 549 1414 parte
578 1371 720 1414 legitur,
758 1372 798 1404 C.
824 1380 941 1404 sosws
976 1380 1031 1406 ΖΑ.

320 1424 509 1462 (sinerum,
537 1433 580 1455 ne
609 1433 687 1455 cum
718 1423 794 1456 aliis
823 1433 930 1464 erres,
961 1423 1031 1457 duo

319 1473 416 1510 fuere
430 1474 521 1507 Sosii
536 1474 572 1506 in
589 1474 712 1506 castris
729 1473 885 1508 Antonii.
930 1473 1032 1507 Alter

321 1528 403 1559 ante
441 1524 623 1557 victoriam
659 1525 845 1558 Actiacam
889 1526 925 1558 in
963 1526 1033 1558 levi

320 1585 437 1617 pugna
467 1580 593 1608 contra
616 1576 654 1608 1..
685 1575 888 1609 Arruntium
914 1577 1032 1619 periit,

320 1630 413 1660 teste
439 1627 553 1659 Dione
577 1626 637 1659 lib.
651 1635 684 1659 ι.
706 1627 797 1659 alter
819 1633 901 1669 post
926 1628 1034 1661 victo·

318 1677 405 1710 riam
431 1677 704 1710 incolumitatem
729 1677 774 1710 ab
790 1677 950 1720 Augusto
973 1680 1032 1711 im-

319 1729 493 1771 petravit;
511 1733 601 1762 teste
612 1729 749 1771 eodem,
759 1730 848 1762 libro
862 1731 1031 1774 sequenti.

319 1781 358 1812 L.
371 1779 574 1812 Arruntium
587 1780 672 1820 dixi,
685 1776 752 1813 non
765 1782 980 1824 Tauresium‚
993 1787 1033 1815 ut

321 1831 379 1863 alii
404 1829 751 1873 afferunt‚corrupta
771 1832 896 1864 Dionis
924 1833 1032 1875 scrip-

319 1886 400 1914 tura
422 1881 568 1915 inducti.
613 1883 704 1914 Nam
732 1882 792 1915 ubi
822 1885 926 1926 vulgo
950 1884 1033 1926 legi-

319 1937 390 1974 tur,
423 1931 555 1965 Λουκίου
581 1932 736 1975 Ταρησίου
771 1934 881 1968 ναυσὶν
908 1935 1033 1977 ὀλίγαις

319 1984 540 2027 ἑφορμοῦντος,
565 1994 635 2017 non
661 1985 795 2028 dubito,
823 1986 905 2029 quin
932 1997 1033 2030 repo-

318 2035 471 2068 nendum
486 2037 542 2077 sit,
556 2036 688 2068 Λουκίου
698 2037 904 2079 Ἀῤῥοῑιντίου.
939 2039 1031 2073 Huic

319 2087 411 2123 enim
427 2088 550 2120 laevum
565 2088 779 2122 Julianarum
802 2091 940 2123 navium
956 2101 1033 2124 cor-

321 2148 368 2171 nu
405 2139 623 2171 commissum
659 2139 776 2182 fuisse,
814 2150 858 2173 ex
895 2142 1033 2175 Velleio

320 2196 445 2224 nostro
462 2195 612 2225 constat.
639 2192 776 2226 Vossius.

369 2242 414 2274 Ue
442 2241 581 2284 dubites]
629 2242 701 2274 Cur
730 2243 935 2275 Rhenanam
965 2253 1033 2276 non

321 2293 530 2326 audiverunt
564 2294 741 2327 verissime
774 2295 1034 2338 emendantem,

325 2344 452 2378 Viderit
471 2355 488 2377 s
501 2343 620 2378 suone?
652 2346 742 2378 Nam
763 2346 800 2377 in
820 2347 1034 2388 autographo

323 2400 412 2436 erat,
434 2395 561 2429 Videbit
588 2407 605 2428 e
626 2406 732 2428 suone.
777 2396 916 2428 Phrasis
939 2402 1035 2436 nota,

318 2451 358 2481 et
372 2447 496 2480 crebra
512 2447 686 2480 veteribus
710 2448 744 2479 iu
759 2447 952 2490 rejectione
975 2453 1034 2481 aut

321 2502 538 2540 contemptu.
572 2497 710 2540 Lipsius.

365 2548 502 2589 Fuerat]
534 2548 809 2589 Melius,fuerit.·

364 2600 452 2633 CAP-
464 2603 518 2633 86.
534 2600 590 2632 Ex
596 2599 670 2641 quo]
681 2599 789 2632 Aldus
800 2601 978 2634 Manutius
990 2601 1036 2633 le-

321 2649 384 2691 git,
393 2660 434 2683 ex
441 2660 533 2692 eoque
540 2649 573 2681 in
580 2659 678 2692 quem.
696 2650 752 2681 Ex
758 2660 817 2691 quo
824 2650 858 2682 in
871 2661 963 2693 quem
973 2655 1035 2684 sta-

320 2700 404 2742 tum]
431 2701 608 2734 Notanter
629 2701 678 2733 ita
706 2701 862 2743 loquitur
892 2703 1036 2744 Noster,

321 2750 452 2794 quippe
474 2752 656 2793 designans
678 2752 811 2784 initium
843 2762 934 2786 verae
962 2754 1038 2787 Mo-

321 2801 484 2835 nercbiae.
499 2803 578 2837 Qua
593 2803 775 2844 diligentia
788 2804 893 2837 etiam
907 2805 975 2838 Dio
988 2814 1037 2839 u.

322 2860 378 2897 pr.
393 2851 474 2887 dum
485 2852 577 2887 diem
589 2852 728 2888 Actiaci
735 2855 928 2902 praetium
945 2857 1037 2892 Non.

623 256 769 288 No'rAE
803 255 1074 288 vARtORUM
1109 256 1158 288 ΙΝ
1195 256 1482 289 PA'rsskouLt

1077 350 1219 394 vnbr.)
1234 355 1450 394 annotasset,
1458 352 1536 385 ideo
1553 361 1590 384 se
1602 350 1693 384 istud
1703 361 1791 395 pru-

1078 407 1133 435 ter
1143 403 1426 435 consuetudinem
1450 413 1545 435 suam
1566 402 1702 445 fecisse,
1719 413 1791 436 mo-

1077 459 1150 495 net,
1161 453 1210 486 ὅτι
1222 453 1299 486 τότε
1311 456 1435 495 πρῶτον
1449 455 1467 485 ὁ
1485 455 1605 496 Καῖσαρ
1620 453 1659 486 τὸ
1678 452 1792 495 κράνος

1076 503 1238 545 πᾶνμόνος
1249 503 1357 545 ἔσχεν,
1376 505 1460 537 ὥστε
1481 505 1532 536 καὶ
1547 505 1607 543 τὴν
1618 504 1790 546 ἀπαρίθμη-

1077 567 1128 588 σιν
1136 558 1199 588 τῶν
1207 557 1264 595 τῆς
1272 556 1444 598 μοναρχίας
1455 556 1551 588 αὐτοῦ
1560 557 1639 590 ἐτῶν
1649 557 1702 589 ἆτ’
1713 556 1801 590 ἐκεί--

1077 619 1132 646 vm
1151 608 1209 646 τῆς
1224 606 1338 649 ἡμέρας
1354 608 1573 649 ἂκριβοῦσθαιε
1596 609 1689 645 Quod
1703 608 1742 640 ab
1753 618 1801 643 ea.

1077 658 1130 690 die
1135 659 1271 700 primum
1281 659 1389 691 Coesar
1399 660 1548 691 (meavi-u
1560 669 1665 691 rerum
1669 660 1794 701 potitus

1077 712 1124 741 est
1135 709 1230 750 solus,
1242 709 1429 752 imperiique
1439 710 1506 750 <ius
1515 711 1652 743 recensio
1661 712 1800 753 praect'ce'

1077 764 1221 792 sumatur
1245 760 1284 792 ab
1312 761 1371 793 hac
1399 761 1462 794 die.
1510 762 1585 794 Nec
1607 761 1793 795 dissentire

1080 812 1222 853 putandi
1239 818 1332 852 sunt,
1347 813 1404 854 qui
1427 822 1448 843 a
1465 813 1578 845 reditu
1593 811 1742 854 Augusti
1755 813 1792 845 in

1081 862 1201 895 urbem
1222 863 1434 895 Monarchiae
1448 862 1585 895 initium
1601 868 1794 896 numerant.

1080 915 1169 947 Vide
1188 915 1280 948 Hist.
1296 915 1390 948 misc.
1413 924 1480 947 vn.
1504 918 1556 948 12.
1580 925 1656 948 nam
1672 920 1794 949 cetera

1083 964 1164 996 nihil
1179 964 1285 1005 aliud,
1301 975 1400 1007 qnam
1422 965 1670 1000 consummatio
1690 965 1793 1007 hujus

1083 1017 1238 1050 victoriae
1254 1016 1367 1050 fuere.
1423 1017 1500 1050 Hoc
1526 1018 1646 1060 praelio
1670 1022 1793 1052 nactus

1082 1072 1137 1100 est
1166 1078 1244 1101 eam
1276 1064 1498 1110 potestatem,
1534 1078 1637 1111 quam
1671 1073 1796 1111 postea

1082 1119 1190 1161 coepit
1212 1120 1332 1152 Romae
1359 1128 1523 1152 exercere
1552 1129 1593 1152 ac
1616 1127 1796 1162 usurpare.

1083 1170 1185 1203 Unde
1202 1171 1271 1203 Dio
1295 1171 1371 1213 ipse
1391 1170 1562 1213 principio
1581 1170 1641 1204 lib.
1658 1179 1722 1204 ut.
1748 1171 1794 1205 de

1081 1221 1145 1253 hoc
1159 1225 1314 1263 tempore
1329 1233 1337 1254 :
1358 1221 1528 1261 ταῦταμὲν
1544 1221 1579 1254 ἔν
1597 1234 1636 1255 τε
1648 1223 1691 1266 τῇ
1704 1224 1796 1260 βασι-

1082 1271 1167 1315 λείᾳ,
1178 1271 1229 1305 καὶ
1244 1273 1278 1304 ἐν
1291 1274 1333 1315 τῇ
1344 1272 1546 1316 δημοκρατίᾳ,
1555 1274 1625 1306 ταῖς
1635 1272 1670 1306 δὲ
1684 1274 1796 1306 δυνασ-

1081 1322 1190 1364 τείαις,
1201 1321 1296 1356 πέντε
1306 1335 1344 1356 τε
1357 1323 1410 1356 καὶ
1421 1323 1518 1356 εἴκοσι
1529 1323 1581 1356 καὶ
1597 1323 1798 1358 ἑπτακοσίοις

1082 1373 1180 1415 ἔτεσι,
1190 1373 1241 1406 καὶ
1254 1372 1388 1416 ἔπραξαν
1399 1375 1429 1406 ot
1439 1375 1583 1415 Ῥωμαῖοι
1597 1375 1649 1407 καὶ
1664 1373 1793 1409 ἔπαθον.

1079 1426 1136 1458 Ἐκ
1157 1424 1191 1458 δὲ
1204 1425 1320 1458 τούτου
1331 1428 1555 1468 μοναρχεῖσθαι
1566 1425 1651 1460 αὖθις
1661 1427 1795 1470 ἂκριβῧς

1081 1477 1212 1519 ἤρξαντο
1226 1488 1234 1510 :
1254 1478 1335 1510 Hoee
1349 1479 1452 1520 itaque
1465 1478 1600 1511 Romani
1613 1479 1717 1520 primo
1735 1477 1792 1511 sub

1082 1528 1237 1570 Regibus,
1248 1531 1358 1570 postea
1372 1529 1407 1560 in
1421 1528 1598 1570 Libertate,
1609 1529 1742 1571 denique
1756 1530 1793 1562 in

1078 1579 1310 1621 principatibus
1324 1583 1478 1612 certorum
1493 1580 1664 1621 hominum,
1677 1585 1709 1613 et
1721 1589 1792 1623 ges-

1079 1633 1187 1663 serunt
1201 1634 1232 1663 et
1254 1629 1379 1672 experti
1404 1634 1489 1672 sunt,
1510 1632 1604 1666 annis
1627 1640 1794 1675 nccxxv.

1083 1683 1140 1715 Ex
1161 1683 1217 1714 hoc
1237 1685 1343 1714 autem
1367 1685 1506 1725 tempore
1524 1693 1648 1716 rursum
1667 1685 1796 1726 penitus

1081 1733 1139 1766 sub
1153 1734 1245 1766 unius
1257 1734 1391 1776 imperio
1404 1733 1498 1776 coepit
1518 1743 1583 1766 esse
1596 1734 1797 1776 Respublica.

1083 1785 1196 1819 Quem
1210 1785 1324 1818 locum
1346 1794 1389 1817 eo
1415 1785 1594 1818 lubentius
1616 1780 1731 1826 attuli,
1754 1790 1795 1820 ut

1083 1846 1142 1869 eos
1154 1835 1339 1876 refutaret,
1358 1835 1418 1878 qui
1439 1846 1460 1868 a
1474 1836 1570 1869 Julio
1585 1835 1702 1878 potius
1717 1836 1792 1870 Οε-

1083 1896 1173 1927 sare,
1185 1896 1286 1929 quam
1298 1886 1341 1919 ab
1351 1885 1512 1928 Augusto
1523 1886 1624 1919 initia
1630 1881 1793 1921 Romanae

1083 1938 1291 1971 monarchias
1318 1943 1510 1971 numerant.
1546 1937 1615 1971 Dio
1631 1939 1734 1983 enim,
1755 1943 1796 1973 nt

1084 1998 1148 2031 par
1173 1993 1262 2030 erat,
1285 1993 1367 2022 ante
1393 1990 1458 2022 hoc
1488 1993 1641 2032 tempus,
1661 1994 1699 2023 et
1715 1987 1795 2034 post

1083 2039 1310 2081 Libertatem,
1344 2044 1479 2072 tautum
1511 2039 1693 2074 δυναστείας
1721 2041 1795 2075 sive

1082 2089 1307 2122 dominationes
1344 2090 1512 2132 agnoscit,
1558 2090 1673 2134 iisque
1709 2091 1796 2125 Juiii

1082 2140 1187 2173 etiam
1202 2137 1434 2182 principatum
1458 2145 1632 2183 accenset,
1655 2140 1716 2184 qui
1737 2150 1797 2175 ne·

1085 2201 1151 2234 que
1175 2191 1357 2224 diuturnus
1372 2190 1452 2232 fuit,
1475 2195 1512 2223 et
1534 2201 1614 2223 mox
1639 2192 1796 2234 repetita

1083 2242 1240 2285 quamvis
1276 2242 1490 2284 improspere
1527 2242 1691 2275 libertate
1716 2242 1797 2276 sub·

1083 2293 1174 2324 latus
1187 2298 1252 2324 est.
1291 2293 1416 2335 Itaque
1429 2295 1466 2324 et
1482 2292 1705 2325 Herodianus
1718 2292 1796 2326 dili-

1084 2343 1274 2385 gentissimi
1285 2343 1407 2375 calami
1418 2343 1579 2384 scriptor,
1586 2343 1630 2376 ab
1642 2339 1796 2386 Augusti

1084 2399 1242 2436 tempore
1258 2394 1477 2436 Principatus
1493 2394 1593 2426 initia
1612 2404 1797 2428 numerans

1083 2445 1117 2477 in
1127 2444 1265 2487 praefat.
1276 2445 1327 2477 sui
1340 2445 1469 2487 operis,
1479 2446 1567 2478 hanc
1580 2447 1687 2479 veluti
1697 2451 1798 2480 caus·

1085 2507 1157 2528 sam
1167 2497 1311 2538 subjicit
1325 2507 1334 2528 :
1358 2497 1390 2537 ἐξ
1401 2494 1496 2538 οὗπερ
1510 2496 1694 2536 ἣῬωμαίων
1705 2498 1798 2530 ewa·

1085 2547 1176 2580 στεία
1199 2548 1373 2588 μετέπεσεν
1387 2546 1431 2580 εἰς
1451 2547 1646 2588 μοναρχίαντ
1668 2558 1741 2581 και
1753 2552 1798 2582 ὼ

1085 2610 1120 2631 eo
1156 2602 1292 2641 tempore
1336 2599 1548 2631 Romanorum
1580 2599 1725 2640 pamm
1742 2594 1798 2632 ἀἱ

1085 2652 1177 2684 unius
1191 2655 1238 2683 est
1250 2651 1420 2683 arbitrium
1431 2651 1586 2684 devoluta.
1613 2644 1798 2684 consuestis

1086 2702 1250 2735 Aurelius
1277 2703 1409 2743 Victor,
1435 2702 1491 2744 qui
1513 2701 1548 2733 in
1575 2701 1742 2734 Caes'arib.
1757 2705 1798 2734 et

1086 2754 1184 2796 Epit.
1211 2763 1237 2786 1.
1271 2753 1432 2785 observat
1454 2750 1603 2794 Augusti
1627 2755 1798 2794 tempore,

1086 2809 1123 2837 et
1152 2804 1293 2847 quidem
1318 2806 1398 2845 post
1427 2802 1584 2844 praelium
1611 2800 1796 2836 Actiacum

1085 2854 1096 2874 ‘
1112 2855 1305 2900 repetitum
1319 2854 1441 2889 Romae
1463 2861 1605 2896 morem,
1618 2852 1677 2886 uui
1699 2855 1799 2896 pror?
