2002 3250
302 244 389 288 154
740 254 781 285 c.
816 250 1023 283 vunnu
1059 246 1345 282 ultraneum

301 352 544 394 humanam
564 349 756 393 excedat
771 349 920 401 fidem,
940 348 1164 399 omnibus,
1177 347 1262 402 qui
1282 348 1449 389 contra.
1461 356 1510 387 se
1529 348 1662 387 arma*
1675 342 1783 388 tule-

302 423 434 471 rant,·
454 419 639 474 ignovit,
657 421 759 461 :et2r
778 415 1232 471 magnificentissimis
1277 413 1533 470 gladiatorii
1565 413 1784 465 muneris,

302 487 617 543 naumachia&
651 489 696 529 et
727 485 931 541 equitum
962 483 1269 540 peditumque,
1292 483 1426 525 simul
1455 481 1786 537 elephantorum

303 556 560 600 certaminis
580 553 867 610 spectaculis,
889 552 1120 608 epulique¹¹
1138 564 1220 607 per
1237 551 1402 594 multos
1423 550 1521 593 dies
1536 549 1786 594 -datircele-

295 625 519 676 -bratione,
546 621 738 678 replevit
764 630 878 664 eam.
939 619 1155 676 Quinque
1182 620 1273 674 egit
1302 618 1560 674 triumphos,
1621 617 1787 665 Gallici

304 696 547 750 apparatus
568 704 629 734 ex
648 691 781 743 citro,
797 690 980 733 Pontici
999 701 1062 732 ex
1080 689 1306 739 acanth0‚⁰
1332 686 1625 730 Alexandrini
1642 691 1787 734 testu—

304 761 422 813 dine,-
441 760 587 804 Africi
621 761 770 811 ebore,
812 757 1158 814 Hispaniensis
1174 760 1358 812 argento
1392 756 1540 799 rasilip
1577 749 1787 800 constitit.

303 829 508 872 Pecunia
536 842 596 871 ex
623 827 865 871 manubiisq
889 827 993 869 lata
1034 826 1174 882 paulo
1208 826 1401 881 amplius
1436 824 1606 867 sexies
1627 824 1789 867 millies

304 898 420 941 HS.r
478 896 727 953 Nequeilli
746 900 869 939 tanto
887 896 1000 948 viro,
1020 899 1065 938 et
1084 901 1179 938 tam
1199 895 1452 938 clementer·
1468 894 1675 936 omnibus
1693 893 1790 936 vic·

302 966 446 1009 toriis³
475 966 571 1008 suis
602 978 702 1016 uso,
733 965 835 1020 plus
876 964 1070 1019 quinque
1107 963 1350 1005 mensium«
1363 962 1628 1017 principalis
1659 962 1788 1017 quies

306 1035 522 1090 configit:
560 1033 744 1089 Quippe
765 1046 867 1076 cum
882 1044 1035 1074 mense
1055 1030 1243 1075 Octobri
1263 1031 1310 1073 in
1330 1029 1501 1074 Urbem
1519 1029 1788 1081 revertisset,

305 1102 466 1145 Idibus
502 1101 713 1154 Martiis,⁸
742 1099 820 1157 [U.
852 1114 892 1143 c.
921 1100 1027 1144 710.
1059 1113 1100 1142 a.
1127 1099 1230 1142 Chr.
1257 1112 1306 1142 n.
1323 1098 1433 1153 243.]
1467 1098 1790 1155 conjurationis

305 1171 577 1218 auctoribus‘
629 1171 774 1213 Bruto
830 1174 875 1212 et
923 1167 1105 1221 Cassio,
1155 1181 1345 1224 quorum
1388 1167 1582 1212 alterum:
1606 1166 1791 1222 promit·

304 1238 443 1286 tendo,
468 1239 750 1282 consulatum
780 1251 874 1281 non
899 1237 1192 1292 obligaverat,
1214 1239 1387 1283 ‘contra'
1411 1235 1652 1281 differendo
1678 1233 1790 1277 Gas-

305 1308 422 1350 sium
443 1307 720 1361 offenderat;
752 1306 944 1363 adjectis
963 1306 1099 1349 etiam
1120 1305 1394 1349 consiliariis
1423 1304 1569 1348 'caedis
1599 1302 1789 1348 familia-

305 1376 496 1426 rissimis
517 1377 731 1428 omnium,
759 1379 802 1418 et
830 1376 1006 1421 fortuna
1024 1376 1222 1431 partium
1240 1375 1337 1431 ejus
1356 1374 1409 1421 in*
1422 1380 1790 1420 summum'evec-

306 1445 388 1486 tis4
405 1445 653 1500 fastigium,
675 1445 737 1488 D.
755 1444 906 1490 Bruto,
917 1447 964 1486 et
983 1442 1035 1486 G.
1053 1443 1508 1498 Trebonio‚faliisque
1528 1441 1640 1491 clari
1650 1441 1791 1484 uomi-

305 1513 377 1556 nis
398 1513 523 1566 viris,
542 1514 806 1557 interemtus
825 1515 905 1555 est.
956 1511 1045 1554 Cui
1064 1525 1271 1566 magnam
1291 1511 1511 1557 invidiam
1531 1508 1791 1559 conciliarat

352 1657 368 1680 ⁹
390 1651 475 1684 Ludi
487 1652 688 1694 gladiatorii,
702 1662 820 1695 pugnoe
832 1653 969 1686 navalis.

352 1696 511 1728 ‘Tantus
531 1696 584 1728 iae
598 1696 661 1737 vir,
675 1700 787 1729 ettam
806 1698 974 1730 clementer
986 1706 1062 1730 usus
1080 1695 1223 1729 omnibus
1237 1696 1381 1730 victoriis
1398 1695 1476 1738 suis,
1495 1705 1557 1728 non
1576 1694 1647 1737 plus
1659 1691 1792 1736 quinque

309 1739 467 1772 mensibus
474 1738 603 1779 fruitus
617 1743 665 1772 est
680 1739 818 1781 placida
830 1740 1021 1774 auctoritate
1031 1740 1187 1783 principis
1198 1740 1235 1772 in
1250 1739 1442 1782 republica.

351 1787 366 1805 ’
387 1783 524 1815 Decimo
537 1783 646 1825 quinto
661 1783 793 1816 Martii.
967 1785 978 1805 Ι
999 1784 1218 1826 Εαήίεἰρίὺιιε
1232 1784 1341 1816 caedis.

933 1869 952 1880 ο

310 1935 397 1966 duce.
400 1936 465 1966 —2
489 1934 536 1966 Et
552 1933 697 1966 inseruit
712 1933 895 1966 Ruhnken.
898 1933 1016 1977 ,quod
1033 1933 1131 1967 abest
1147 1934 1190 1967 ab
1207 1934 1272 1967 Ed.
1287 1944 1341 1976 pr.
1379 1935 1504 1967 Burer.
1518 1932 1796 1976 niagmtjficentissi-

311 1978 507 2020 masque—3
531 1977 587 2010 Ita
610 1977 676 2011 Ed.
699 1978 808 2011 Basil.
847 1977 934 2011 Cod.
957 1977 1147 2011 victoribus.-
1170 1978 1237 2011 Ed.
1259 1988 1314 2021 pr.
1338 1977 1481 2011 omnibus
1503 1980 1640 2011 usa—4
1656 1976 1723 2010 Ed.
1740 1985 1793 2019 pr.

975 2090 1119 2124 NOTAE

355 2187 373 2204 ¹
401 2181 574 2224 Epuliq'ue]
590 2185 592 2188 ’
610 2181 835 2225 Significatur
850 2182 1027 2225 publicum

312 2233 520 2275 convivium,
555 2234 655 2276 quale
676 2233 860 2267 *interdum
890 2234 1026 2268 civibus

313 2284 440 2317 instrui
455 2285 602 2327 solebat,
615 2285 671 2317 vel
688 2295 708 2318 a
724 2286 1029 2330 triumphantibus,

312 2336 371 2368 vel
392 2335 429 2368 iu
454 2336 574 2378 templi
595 2335 831 2370 dedicatione.
875 2339 1029 2381 Epulum

313 2390 434 2419 tamen
457 2386 613 2419 invenies
638 2387 844 2431 quandoque
868 2399 931 2431 pro
958 2390 1028 2432 pri-

313 2440 398 2470 vato
428 2436 599 2480 convivio,
629 2442 670 2471 ut
697 2439 817 2481 epulas
846 2449 910 2482 pro
939 2439 1028 2483 pub-

314 2487 397 2521 lico.

313 2534 316 2539 '
357 2539 459 2572 ’Ex
487 2538 636 2581 acantho]
670 2538 763 2574 Quid
789 2540 843 2575 sit.
862 2542 1027 2576 acanthus

313 2589 406 2637 haud
432 2590 725 2635 liquidoconstat.
767 2591 896 2626 AEneas
909 2594 1029 2636 Vicus,

313 2641 524 2684 Parmensis,
552 2641 763 2676 existimavit
785 2643 926 2676 herbam
941 2653 1029 2678 esse.

297 2709 300 2712 ⁴
315 2692 453 2727 Nititur
467 2692 678 2726 auctoritate
701 2693 913 2727 Dioscoridis
927 2695 951 2728 1.
967 2704 1028 2728 ιιι.

313 2754 348 2782 c.
360 2746 413 2777 1⁷.
427 2747 466 2776 et
480 2743 619 2786 Virgilii
634 2743 771 2778 AEneid.
786 2753 814 2777 1.
827 2743 887 2787 qui
898 2744 1028 2778 docent

318 2793 502 2838 aliquando
515 2799 631 2828 vestes
655 2805 700 2828 ex
716 2795 866 2828 acantho
888 2794 1029 2829 confec-

318 2851 374 2881 tas
403 2842 491 2882 e‘sse.
534 2848 653 2884 Quare
675 2847 712 2882 in
739 2848 887 2884 Pontico
910 2848 1029 2884 trium-

1082 2183 1152 2227 pho
1173 2183 1250 2217 vult
1270 2193 1316 2216 ex
1329 2182 1478 2216 acantho
1493 2185 1675 2216 contextas
1689 2180 1795 2217 ruisse

1082 2234 1234 2268 militum‘
1255 2234 1467 2275 chlamydes.
1511 2232 1794 2266 Assentiri'Vico

1081 2286 1225 2320 Vossius
1235 2285 1376 2329 nequit3
1394 2295 1477 2318 nam
1491 2288 1613 2318 censet
1622 2284 1795 2318 Velleinm

1081 2337 1128 2370 de
1155 2336 1355 2379 triumphali
1381 2346 1498 2378 curru,
1529 2339 1567 2369 et
1594 2335 1732 2378 oppidis
1757 2336 1795 2368 in

1082 2387 1257 2430 triumpho
1272 2387 1429 2430 praelatis
1441 2387 1551 2420 solum
1561 2386 1671 2430 loqui.
1692 2386 1796 2420 Unde

1082 2439 1268 2473 acanthum
1296 2448 1366 2472 non
1392 2437 1550 2480 herbam,
1577 2438 1642 2471 sed
1667 2437 1796 2481 AEgyp-

1082 2490 1169 2524 tiam
1183 2490 1344 2524 arborem
1357 2499 1432 2523 esse
1447 2489 1669 2532 pronuntiat.

1124 2547 1143 2571 Ρ
1165 2542 1288 2585 Basili]
1320 2541 1367 2575 Id
1389 2544 1458 2584 est,
1483 2540 1607 2584 polito,
1629 2539 1796 2583 levigato,

1080 2603 1151 2628 non
1166 2603 1251 2627 vero
1262 2593 1414 2626 coelato.
1438 2592 1591 2634 Gallice,
1605 2591 1711 2624 ῠνιηη.
1792 2627 1799 2631 K

1124 2650 1142 2674 ¹1
1165 2646 1223 2678 Ex
1240 2643 1412 2688 immi-s]
1446 2643 1539 2678 Vide
1561 2653 1638 2686 sup.
1661 2642 1725 2683 lib.
1740 2651 1796 2676 ..ιι

1082 2706 1113 2730 c.
1126 2698 1183 2730 40.
1197 2705 1231 2729 ιι.
1246 2707 1277 2729 z.

1124 2750 1138 2770 ⁸
1158 2746 1274 2782 Senties
1296 2746 1413 2780 millies
1419 2743 1522 2788 HS]
1563 2744 1674 2778 Juxta
1696 2752 1798 2786 supe-

1082 2797 1210 2830 riorem
1219 2796 1540 2839 computationem:
1556 2792 1796 2840 quarata—mm

1082 2847 1221 2899 milliens
1233 2849 1272 2883 de
1286 2848 1398 2898 levres.
