2008 3210
383 226 498 270 xvfii

728 338 776 369 M.

387 424 589 457 Macedoniae
605 423 690 466 regni
706 423 796 456 initia
807 424 829 461 i,
844 427 866 457 6

385 469 580 500 Macedonia
610 467 771 508 provincia
799 467 882 499 facta
907 468 947 499 ab
974 467 1104 498 AEmilio

427 510 541 543 Paullo
563 511 586 548 i,
612 514 645 543 9.
672 510 706 548 ii,
722 513 764 542 38
798 521 817 541 a
833 511 1104 552 Pseudophilippo

419 558 583 596 ‚occupata
599 559 631 586 et
646 554 688 591 Q.
703 554 837 585 Metello
851 554 1009 586 vIndicata
1023 555 1046 591 i,
1064 558 1101 586 ll

429 609 447 628 a
473 597 628 629 Delmatis
654 602 687 628 et
710 597 883 629 Pannoniis
898 603 1052 638 occupata
1070 598 1103 634 ii,

429 644 493 673 110
517 651 536 672 a
550 641 667 672 Pisone
682 646 796 683 pacata
811 641 844 678 ii,
857 644 901 674 98
934 651 953 672 a
967 641 1103 678 Velleio,

427 685 479 716 Tr.
495 684 571 722 mil„
587 689 748 726 peragrata
760 684 793 721 ii,
810 687 871 717 101

385 727 615 760 Macedonicus
658 726 819 770 (Cestius)
863 727 1103 759 Perusionoruin

429 772 586 813 princeps,
611 781 644 802 se
654 771 833 803 transfixum
850 771 964 802 aedium
980 781 1103 801 suarum

426 815 571 851 flammae,
593 815 632 845 ab
646 815 716 856 ipso
731 815 885 851 excitatae,
900 814 1014 856 injicit,
1029 824 1103 844 auc-

429 863 476 890 tor
490 858 629 889 Perusiae
640 857 778 889 incensae
793 857 826 894 ii,
842 861 884 890 74

384 901 558 941 Maecenas,
573 901 611 933 C.
627 901 696 942 ejus
707 911 816 943 genus,
834 911 941 935 mores,
956 906 989 932 et
1002 901 1102 931 honos

427 945 513 987 apud
538 944 718 986 Augustum
746 944 780 980 ii,
796 947 838 976 88
861 950 992 986 angusto
1013 944 1101 974 clavo

426 993 605 1025 contentus,
629 988 706 1019 ibid.
752 987 830 1019 Urbi
856 989 1020 1029 praefectus
1049 987 1101 1017 M.

428 1030 586 1073 Lepidum
601 1031 760 1073 opprimit,
775 1031 851 1061 ibid.

383 1074 474 1117 Magi
499 1074 596 1117 Syllae
618 1085 635 1105 e
661 1074 798 1116 corporis
822 1073 904 1106 notis
919 1074 1101 1105 felicitatem

427 1117 636 1150 vaticinantur
649 1118 683 1156 ii,
699 1120 742 1150 24

382 1161 522 1203 Magius,
545 1160 675 1198 Decius,
702 1161 932 1203 Campanorum
945 1160 1100 1203 princeps,

426 1204 578 1236 Romanis
594 1204 790 1236 fidelissimus
805 1205 839 1242 ii,
856 1207 898 1236 16

381 1245 534 1290 Magius‚'
546 1248 714 1285 Minatius,
741 1247 835 1279 Decii
850 1258 961 1289 nepos,
987 1245 1099 1279 Velleii

425 1297 546 1330 atavus,
558 1291 635 1322 ibid.
674 1291 906 1329 AEculanensis,
919 1292 995 1323 ibid.
1020 1291 1100 1322 bello

425 1335 544 1373 sociali,
561 1335 593 1365 in
609 1335 750 1376 Hirpinis
774 1335 899 1377 legione
914 1335 1100 1375 conscripta,

424 1378 577 1410 Romanis
614 1378 736 1420 insigne
766 1377 915 1409 auxilium
945 1378 1099 1420 praestitit,

424 1422 501 1454 ibid.
531 1422 657 1453 civitate
685 1422 782 1453 obid
807 1422 941 1452 donatus
968 1421 1099 1463 ejusque

424 1466 481 1496 filii
510 1476 608 1508 usque
634 1466 675 1496 ad
700 1469 863 1507 praeturam
887 1466 990 1496 evecti
1015 1470 1099 1502 sunt,

424 1509 501 1540 ibid.

380 1551 509 1594 Magius
533 1552 626 1585 Celer
648 1551 840 1588 VelleiannS,
866 1543 980 1582 Velleii
994 1550 1097 1587 frater,

421 1595 543 1637 legatus
581 1595 698 1626 Tiberii
737 1594 820 1627 bello
846 1594 1025 1626 Delmatico
1066 1599 1099 1625 et

428 1639 623 1675 Pannonico,
647 1639 688 1670 ob
712 1649 759 1669 res
781 1643 883 1679 gestas
906 1638 1051 1669 laudatus
1067 1642 1098 1669 et

422 1681 455 1712 in
470 1681 586 1713 Tiberii
601 1682 757 1723 triumpho
773 1681 865 1712 donis
877 1682 1047 1712 honoratus
1062 1681 1096 1717 ii,

424 1727 573 1757 115.121
612 1725 652 1755 ab
681 1724 826 1767 Augusto
849 1730 883 1755 et
903 1724 1028 1756 Tiberio
1056 1726 1097 1756 ad

423 1772 587 1810 praeturam
603 1769 839 1800 commendatus
854 1768 888 1805 ii,
903 1771 966 1800 124

380 1810 548 1853 Magnesia
560 1811 618 1855 (ad
633 1810 851 1853 Maeandrum)
867 1811 899 1842 in
914 1810 992 1843 Asia
1002 1822 1019 1843 a
1036 1812 1096 1843 La-

423 1855 624 1886 cedaemoniis
636 1855 763 1887 condita
778 1855 799 1892 i,
814 1858 835 1886 4

378 1897 561 1936 Mancinus,
580 1898 644 1929 vid.
667 1897 823 1929 Hostilius
838 1898 1009 1930 Mancinus

377 1941 544 1980 Manilius,
569 1941 655 1984 (Q),
671 1941 740 1973 trib.
766 1941 811 1983 pl.
837 1942 937 1983 legem
961 1942 1032 1972 tulit
1056 1941 1096 1972 de

425 1984 508 2016 bello
525 1985 742 2016 Mithridatico
757 1995 814 2027 per
827 1984 1013 2027 Pompeium
1041 1986 1095 2016 ad-

423 2028 626 2060 ministrando
643 2029 675 2065 ii,
691 2031 732 2061 33
756 2028 825 2070 ejus
841 2039 950 2065 mores,
966 2028 1043 2059 ibid.

379 2071 532 2109 Manlius,
549 2072 586 2103 T.
603 2072 824 2115 (Torquatus),
848 2071 970 2110 consul,
993 2071 1096 2103 Sardi-

420 2115 505 2146 niam
518 2116 635 2158 subigit
646 2115 680 2152 ii,
694 2118 736 2147 38

379 2157 550 2190 Marcellus
579 2159 636 2201 (C.
659 2158 829 2199 Claudius)
851 2159 959 2190 consul
977 2158 1036 2201 (U.
1066 2168 1095 2189 c.

421 2205 441 2234 7
444 2201 517 2244 05),
546 2203 604 2234 sub
619 2212 683 2244 quo
699 2202 814 2234 bellum
830 2201 921 2233 civile
935 2202 1048 2233 exarsit
1061 2201 1095 2238 ii,

378 2286 579 2327 Marcellus,'
599 2288 686 2331 (M.)
727 2288 892 2326 Claudius,
925 2288 1094 2331 Syracusas

421 2331 519 2373 cepit,
542 2337 575 2364 et
597 2332 735 2363 Siciliam
751 2332 941 2374 provinciam
968 2332 1045 2363 fecit
1060 2332 1092 2369 ii,

377 2416 562 2456 Marcellus,
578 2418 641 2456 M„
655 2418 807 2457 Octaviae,
825 2418 956 2460 Augusti
972 2416 1093 2455 sororis,

422 2461 504 2492 filius
519 2462 553 2500 ii,
568 2465 610 2494 93
648 2473 807 2495 successor
821 2461 956 2503 Augusti
971 2462 1093 2492 futurus

421 2505 570 2543 creditus,
608 2505 685 2536 ibid.
728 2505 823 2537 Juliae
856 2505 992 2547 Augusti
1020 2504 1092 2535 filiae

420 2547 549 2590 conjux,
578 2548 655 2580 ibid.
691 2548 908 2580 altercationes
930 2547 1000 2589 ejus
1021 2557 1093 2579 cum

420 2590 576 2634 Angppa,
599 2591 676 2623 ibid.
717 2591 786 2633 ejus
801 2592 916 2630 obitus,
930 2591 1008 2623 ibid.
1045 2591 1093 2621 in-

420 2635 548 2677 genium
563 2640 596 2667 et
610 2645 719 2672 mores,
733 2635 822 2667 ibid.

377 2676 597 2710 Marcomanni
637 2679 737 2722 (circa
766 2678 808 2710 U.
837 2689 866 2710 c.
888 2677 971 2718 739)
993 2677 1094 2713 inimi-

443 2726 548 2753 rarunt
577 2722 635 2754 sub
664 2723 864 2754 Maroboduo
893 2721 927 2752 in
949 2721 1095 2752 interiora

421 2732 591 2808 fiercyniae
607 2765 705 2808 sylvae
724 2766 758 2803 ii,
775 2768 838 2798 108
875 2775 894 2796 a
907 2764 1032 2797 Tiberio
1046 2773 1094 2795 arv

422 2806 480 2841 mis
496 2813 644 2848 petuntur
654 2809 688 2847 ii,
705 2812 769 2842 109

380 2849 470 2881 Mate
489 2861 513 2886 31
528 2851 672 2889 Lucullo,
699 2852 846 2884 subfossis
862 2851 1029 2887 montibus,
1062 2850 1093 2880 in

967 237 1125 278 inunx
1159 237 1337 269 RERUM

1200 342 1294 368 terras
1307 338 1466 380 receptum
1483 338 1516 376 ii,
1533 341 1574 371 33

1155 379 1286 412 Maricae
1315 381 1507 423 (Nymphas,
1537 381 1638 413 uxoris
1653 380 1764 419 Fauni,
1791 380 1871 413 Deae

1201 424 1483 467 Minturnensium)
1511 426 1612 467 palus,
1629 425 1682 456 ubi
1696 424 1734 457 C.
1748 425 1870 457 Marius

1198 467 1230 496 in
1245 467 1321 509 fuga
1335 478 1368 499 se
1383 468 1505 499 abdidit
1519 469 1552 506 ii,
1569 472 1610 502 19

1155 509 1288 547 Marius,
1304 511 1355 548 C„
1369 512 1485 553 ignotae
1500 517 1533 543 et
1542 517 1687 544 extremae
1698 511 1825 557 originis
1836 511 1871 549 ii,

1199 555 1252 585 11.
1269 556 1332 586 128
1355 555 1460 597 (patre
1470 555 1584 587 rustico
1593 561 1698 592 natus,
1711 555 1871 587 Plutarch.

1198 595 1300 638 Mar.)
1322 597 1380 628 sub
1401 598 1549 640 Scipione
1577 598 1677 630 Afric.
1701 598 1784 629 bello
1799 597 1869 629 Nu-

1200 641 1338 672 mantino
1379 641 1537 682 stipendia
1565 642 1642 674 fecit
1665 642 1699 679 ii,
1719 644 1741 674 9
1784 641 1869 684 lega-

1199 687 1248 714 tus
1273 682 1316 720 Q.
1338 684 1462 718 Metelli
1478 685 1511 715 in
1534 685 1617 716 bello
1632 684 1869 727 Jugurthinoii,

1200 729 1238 758 ll
1277 727 1346 768 ejus
1369 726 1491 759 indoles
1513 733 1546 759 et
1567 738 1666 759 mores
1688 728 1735 766 ii„
1749 731 1800 760 ll.
1826 732 1868 760 23

1197 769 1376 801 criminatus
1398 770 1522 802 Metelli
1537 771 1767 809 lentitudinem,
1793 782 1870 803 con-

1198 812 1332 844 sulatum
1359 819 1392 845 et
1419 814 1582 856 imperium
1611 815 1645 846 in
1659 813 1742 846 bello
1755 815 1868 846 eodem

1195 856 1254 887 sibi
1281 863 1442 899 comparat
1455 858 1489 894 ii,
1508 861 1545 890 11
1584 868 1640 899 per
1663 857 1795 901 Syllam,
1810 858 1868 890 Ju-

1195 900 1306 940 gurtha
1335 911 1407 942 rege
1437 901 1556 942 potitus
1581 906 1629 932 est
1641 901 1676 939 ii,
1694 903 1735 933 12
1757 902 1867 933 consul

1196 953 1235 973 11.
1266 943 1452 984 Jugurtham
1495 945 1528 976 in
1567 944 1724 987 triumpho
1767 945 1868 982 duxit,

1194 986 1272 1018 ibid.
1306 987 1339 1018 in
1363 987 1477 1018 bellurn
1500 987 1688 1019 Cimbricum
1704 988 1871 1029 imperator

1194 1030 1324 1066 electus,
1350 1031 1426 1061 ibid.
1462 1031 1659 1073 multiplicati
1672 1030 1741 1072 ejus
1755 1041 1868 1063 consu-

1195 1072 1288 1111 latus,
1303 1074 1380 1104 ibid.
1413 1074 1522 1106 consul
1541 1085 1596 1106 ιη.
1613 1074 1684 1106 belli
1701 1080 1869 1116 apparatus

1195 1117 1282 1153 fecit,
1303 1116 1380 1148 ibid.
1427 1117 1500 1150 Cos.
1516 1128 1564 1149 rv.
1601 1118 1642 1149 ad
1667 1116 1778 1160 quuas
1791 1117 1868 1150 Sex-

1196 1160 1253 1190 tias
1267 1160 1428 1192 Teutonos
1443 1160 1571 1198 excidit,
1593 1161 1670 1192 ibid.
1705 1171 1770 1194 cos.
1786 1173 1819 1193 v.
1833 1162 1867 1192 in

1194 1203 1312 1244 campis
1334 1203 1469 1235 Raudiis
1484 1204 1569 1242 vicit,
1583 1204 1661 1236 ibid.
1689 1215 1754 1236 cos.
1772 1215 1818 1236 vr.
1833 1205 1867 1236 in

1195 1247 1370 1277 meritorum
1393 1247 1553 1289 praemium
1575 1247 1676 1279 factus
1705 1247 1867 1280 Servilium

1195 1289 1359 1322 Glauciam
1376 1295 1409 1322 et
1423 1291 1594 1332 Apuleium
1607 1291 1808 1323 Saturninum
1819 1302 1867 1324 ar-

1194 1334 1251 1364 mis
1266 1334 1448 1375 compescit,
1465 1334 1541 1365 ibid.
1564 1334 1772 1376 imperatorin
1781 1335 1865 1367 bello

1193 1376 1305 1408 Italico
1345 1377 1380 1413 ii,
1397 1381 1436 1410 15
1485 1377 1620 1408 restituit
1647 1389 1744 1420 remp.
1772 1379 1807 1416 ii,
1822 1382 1865 1411 16

1192 1419 1308 1451 bellum
1341 1421 1591 1452 Mithridaticum
1614 1421 1711 1463 Syllae
1737 1422 1866 1464 abroga-

1193 1468 1259 1494 tum
1285 1464 1314 1494 ei
1332 1474 1386 1504 per
1401 1464 1438 1495 P.
1453 1464 1625 1506 Sulpicium
1640 1465 1817 1496 decernitur
1832 1466 1865 1503 ii,

1193 1509 1234 1538 18
1257 1517 1276 1537 a
1287 1506 1375 1549 Sylla
1390 1506 1475 1538 Urbe
1489 1509 1668 1539 exturbatur
1678 1508 1712 1546 ii,
1729 1511 1770 1540 19
1782 1519 1866 1540 Lxx.

1193 1560 1292 1580 annos
1317 1555 1409 1580 natus
1438 1561 1476 1581 ex
1506 1551 1704 1588 arundineto,
1743 1562 1808 1594 quo
1830 1563 1864 1584 se

1192 1593 1367 1630 abdiderat,
1390 1598 1544 1625 extractus
1561 1594 1595 1625 in
1609 1604 1761 1626 carcerem
1776 1595 1865 1626 Min-

1193 1637 1384 1680 turnensium
1408 1637 1600 1678 perducitur,
1621 1637 1699 1671 ibid.
1732 1637 1864 1670 Germa-

1192 1690 1279 1716 num,
1302 1680 1386 1712 bello
1408 1680 1565 1712 Cimbrico
1580 1685 1720 1723 captum,
1743 1691 1863 1721 servum

1192 1723 1364 1764 publicum,
1377 1724 1416 1755 ad
1427 1735 1460 1755 se
1470 1724 1719 1756 interficiendum
1726 1725 1864 1763 missum,

1191 1767 1258 1798 visu
1285 1777 1304 1797 a
1318 1777 1397 1799 nece
1411 1768 1457 1798 sui
1473 1768 1617 1805 deterret,
1631 1768 1708 1800 ibid.
1740 1778 1761 1799 a
1774 1768 1864 1800 Min-

1190 1811 1387 1842 turnensibus
1405 1811 1692 1842 commiserantibus
1707 1811 1863 1850 dimissus,

1190 1853 1265 1884 navi
1299 1854 1476 1896 impositus,
1516 1855 1677 1886 AEnariam
1717 1854 1863 1893 insulam,

1190 1903 1285 1938 atque
1309 1897 1384 1929 inde
1408 1897 1544 1929 Africam
1559 1897 1650 1941 (cum
1666 1897 1786 1930 Granio
1801 1899 1864 1940 pri-

1190 1939 1303 1982 vigno)
1332 1941 1549 1979 transvehitur,
1578 1941 1655 1973 ibid.
1691 1942 1773 1973 inter
1786 1942 1863 1974 Car-

1189 1984 1324 2024 thaginis
1340 1984 1442 2015 ruinas
1453 1985 1580 2026 inopem
1591 1986 1685 2016 vitam
1697 1984 1774 2027 agit,
1786 1985 1862 2017 ibid.

1191 2037 1210 2058 a
1225 2027 1329 2059 Cinna
1343 2032 1505 2059 revocatur
1519 2038 1591 2059 cum
1606 2028 1672 2059 filio
1686 2028 1720 2066 ii,
1735 2030 1778 2060 2⁰
1800 2028 1862 2059 Ur-

1190 2071 1262 2102 bem
1277 2081 1349 2102 cum
1365 2071 1470 2103 Cinna
1483 2076 1619 2114 occupat
1632 2071 1666 2108 ii,
1681 2074 1720 2104 21
1746 2071 1862 2103 intrata

1191 2113 1288 2150 Urbe,
1318 2114 1559 2146 crudelissimam
1587 2114 1746 2146 victoriam
1774 2125 1861 2146 exer-

1189 2164 1240 2188 cet
1267 2157 1302 2194 ii,
1315 2160 1358 2189 22
1390 2157 1564 2189 Antonium
1585 2162 1735 2189 oratorem
1758 2158 1863 2190 necari

1184 2199 1289 2242 jubet,
1317 2201 1395 2231 ibid.
1429 2201 1624 2232 consulatum
1656 2211 1719 2232 vn.
1744 2201 1804 2232 init
1827 2202 1861 2239 ii,

1188 2247 1230 2276 23
1255 2254 1325 2275 mox
1339 2244 1445 2275 morbo
1461 2244 1598 2282 decedit,
1613 2244 1690 2275 ibid.
1711 2243 1782 2285 ejus
1793 2254 1859 2276 mo-

1187 2292 1338 2318 numenta
1363 2286 1428 2318 Jul.
1461 2287 1566 2319 Caesar
1594 2286 1730 2319 restituit
1756 2287 1791 2326 ii,
1815 2291 1857 2321 48

1188 2330 1247 2371 (cf.
1260 2330 1382 2372 Caesar)
1677 2363 1682 2375 Ι

1145 2373 1279 2410 Marius,
1302 2373 1339 2405 C.
1355 2374 1510 2416 (praeced.
1525 2373 1637 2416 filius),
1659 2374 1771 2406 consul
1785 2384 1858 2406 cum

1188 2417 1332 2449 Carbone
1360 2417 1394 2454 ii,
1421 2420 1464 2449 26
1511 2418 1581 2459 ejus
1600 2418 1724 2449 indoles
1747 2417 1781 2455 ii,
1804 2420 1859 2450 26.

1188 2464 1230 2492 2⁷
1275 2460 1384 2501 pulsus
1413 2471 1431 2491 a
1461 2460 1550 2503 Sylla
1578 2461 1619 2493 ad
1647 2460 1858 2502 Sacriportum

1188 2504 1347 2535 Praeneste
1362 2514 1394 2535 se
1409 2505 1544 2536 contulit
1557 2505 1592 2542 ii,
1614 2507 1658 2537 26
1690 2514 1747 2546 per
1768 2504 1859 2535 olmi-

1188 2546 1276 2578 culos
1300 2547 1466 2578 Praenestis
1491 2548 1603 2580 frustra
1624 2557 1790 2588 erumpens
1810 2547 1858 2578 in-

1188 2595 1335 2622 teremtus
1359 2595 1408 2622 est
1429 2590 1463 2628 ii,
1487 2594 1530 2624 27
1565 2592 1685 2624 incerta
1706 2590 1790 2622 fama
1811 2590 1854 2621 de

1188 2633 1257 2675 ejus
1271 2633 1409 2671 interitu,
1423 2633 1501 2665 ibid'.

1145 2677 1267 2709 Marius
1303 2676 1469 2719 Egnatius,
1505 2678 1586 2709 inter
1613 2676 1793 2720 Italicorum
1820 2676 1854 2707 in

1188 2720 1271 2752 bello
1286 2721 1393 2752 sociali
1407 2721 1505 2753 duces
1518 2721 1552 2758 ii,
1569 2723 1611 2752 16

1145 2773 1182 2794 ex
1206 2764 1363 2796 Marmore
1387 2765 1486 2796 aedem
1510 2764 1578 2806 quis
1602 2762 1717 2804 primus
1741 2761 1854 2793 Rome

1188 2808 1355 2839 extruxerit
1370 2807 1391 2844 i,
1411 2810 1448 2839 11

1145 2850 1362 2881 Maroboduus
1388 2850 1630 2881 Marcomannos
1652 2849 1684 2881 in
1709 2848 1852 2880 interiora
