2008 3210
344 227 437 273 :348

347 334 465 370 infr-az
500 335 512 354 ‘
526 335 700 369 Domitius
723 345 801 369 cum
821 346 866 369 ex
882 337 1061 370 consulatu

345 387 525 421 obtineret
534 387 753 429 Hispaniam,
760 388 964 429 gravissimi,
971 397 1063 420 com-

347 438 565 481 parandique
581 438 730 480 antiquis
753 439 918 479 exempli,
942 442 1064 471 auctor

346 489 443 522 fuit:
481 491 537 522 Ita
551 495 590 522 et
603 490 726 522 Cicero
743 489 776 521 in
791 489 904 521 Bruto
920 501 928 522 :
950 490 964 508 ⁴
980 490 1063 523 Cot·

349 544 388 573 ta
400 550 443 573 ex
460 541 641 573 consulatu
655 545 709 572 est
727 539 906 581 profectus
927 539 964 572 in
979 540 1063 573 Gal-

350 591 456 626 liam!
489 593 580 624 Item
595 591 757 624 Valerius
778 591 950 623 Maximus
972 591 1062 623 libro

350 652 408 677 111.
424 645 539 685 capite
554 646 587 675 7.
612 643 621 660 ‘
638 652 716 674 cum
730 652 774 674 ex
791 643 973 675 consulatu
985 652 1062 684 pro-

347 695 496 727 vinciam
524 693 673 726 Galliam
709 693 909 726 obtineret!
959 693 1062 727 Quod

346 746 496 779 2Colerns
511 755 582 777 non
600 744 787 777 intellexit.
832 744 902 776 Sed
915 744 1062 786 perinde

346 800 416 837 est,
431 805 472 827 ex
485 796 655 836 consulatu,
666 804 712 827 >ac
727 794 756 826 si
766 794 1062 833 ,consulrdixisseh

359 845 500 877 Vossius.
953 871 955 873 ,

397 896 562 938 Cyzicum]
587 897 641 928 De
657 896 785 938 Cyzico
800 895 1013 928 nobilissima
1027 900 1065 928 et

351 947 516 979 Romanis
539 947 742 979 amicissima
769 946 864 979 Asiae
888 947 987 988 urbe,
1010 947 1065 979 Ci-

349 1006 435 1034 cero
458 1007 520 1039 pro
546 998 586 1029 L.
614 997 771 1039 Manilia,
793 997 962 1039 Muraena,
978 998 1066 1030 Oro-

352 1048 435 1082 sius.
447 1047 596 1088 &hege

395 1098 640 1140 Expellebatur]
684 1099 819 1141 Lipsius
849 1100 936 1141 legit
965 1099 1067 1132 debel-

351 1151 497 1183 labatur:
513 1150 705 1191 Acidalius,
717 1150 938 1191 exacuebatur,
952 1151 988 1183 id
1002 1154 1068 1193 est,

353 1202 606 1244 superabatur:
647 1202 816 1235 Gruterus
851 1212 941 1235 nova
967 1212 1065 1243 voce,

352 1253 580 1286 exbeuabatur.
639 1253 676 1285 Si
724 1253 806 1295 quid
849 1253 1067 1294 mutandum,

355 1304 518 1346 Lipsiana
532 1304 730 1337 emendatio
741 1314 804 1346 per
814 1305 928 1337 omnia
938 1305 1066 1337 ceteris

351 1355 475 1389 melior
490 1360 595 1388 esset.
630 1355 700 1387 Sed
712 1365 788 1397 quae
801 1355 861 1388 illa
876 1355 1065 1388 necessitas

351 1406 604 1440 correctionis?
632 1407 737 1439 Certe
760 1406 974 1448 expellebatur
989 1417 1067 1448 pro-

355 1457 471 1490 vincia
483 1457 671 1491 rebellione
684 1457 832 1490 militum
843 1465 879 1489 et
890 1457 1067 1489 calumniis

352 1508 586 1551 inimicorum,
617 1509 792 1551 ipsiusque
814 1508 974 1550 Pompeii
999 1519 1069 1540 am-

353 1559 486 1594 bitione
499 1572 508 1593 :
526 1560 782 1602 expellebatur,
793 1560 950 1602 inquam3
967 1560 1070 1592 Pom-

360 1611 528 1653 peiusque
545 1620 612 1643 non
636 1614 708 1643 tam
723 1610 807 1642 belli
828 1620 927 1652 quam
952 1610 1071 1643 trium-

360 1662 420 1704 phi
433 1672 612 1697 successor
625 1661 843 1695 mittebatur.
883 1661 985 1695 Quod
1002 1660 1071 1694 fac-

360 1719 432 1746 tum
443 1723 511 1745 non
526 1717 618 1745 esset
629 1722 678 1746 sc.
691 1713 701 1731 ⁶
714 1712 915 1745 nisimilites
925 1717 1072 1755 propter

352 1765 539 1798 avaritiam
579 1764 646 1796 sibi
681 1763 834 1796 infensos
869 1764 1070 1797 habuisset?

352 1814 452 1857 Lege
476 1815 658 1847 Plutarchi
678 1815 871 1857 Lucullum,
894 1815 954 1848 ubi
976 1816 1071 1848 clare

355 1870 611 1909 notanturquae
625 1866 732 1900 innui.
763 1867 907 1899 Boecler.

395 1917 525 1954 ,Alienoe
540 1917 685 1949 minister
693 1917 862 1958 potentie]
887 1918 988 1950 Tales
999 1918 1072 1959 ple-

357 1970 457 2014 rique
481 1973 556 2002 tum
582 1969 728 2010 tribuni,
753 1969 812 2011 qui
836 1968 944 2000 decus
971 1978 1012 2000 ac
1031 1969 1071 2000 li-

350 2021 532 2056 ·bertatem
547 2021 680 2063 populi,
695 2019 795 2061 cujus
811 2019 977 2055 custodes
992 2029 1070 2052 esse

358 2071 560 2115 debebant,
574 2073 695 2104 alienae
718 2072 884 2113 potentiae
900 2070 1071 2112 gratifica-

357 2123 500 2158 bantur.
555 2123 680 2166 Itaque
712 2132 812 2154 nemo
846 2122 1072 2155 immoderata

358 2174 534 2217 nimiaque
550 2174 751 2215 concupivit
765 2179 823 2206 aut
838 2174 979 2207 molitus
1004 2180 1071 2214 est,

357 2225 442 2269 quin
453 2224 603 2258 tribunis
611 2224 902 2268 plebis,tanquam
912 2225 1072 2258 satelliti-

356 2275 557 2317 huspravae
573 2275 749 2317 lubidinis,
760 2275 804 2307 ad
825 2275 1071 2317 opprimendas

359 2326 456 2368 leges
483 2326 757 2368 capiendumque
778 2326 813 2358 vi
833 2335 943 2368 remp.
957 2331 1072 2359 utere.

357 2380 428 2412 tur.
487 2375 736 2409 Observabant
773 2379 895 2409 autem
923 2376 1072 2409 studiosi

359 2425 558 2469 prudentias
580 2426 706 2460 iterum
729 2426 795 2461 hoe
820 2428 914 2468 loco,
937 2428 1072 2460 verissi-

357 2486 456 2513 mum
469 2486 546 2513 esse
561 2476 598 2512 in
613 2477 702 2518 Rep-
716 2477 810 2520 quod
823 2476 1027 2510 Aristoteles
1038 2478 1074 2510 in

359 2527 588 2570 Rhilosophia
615 2528 752 2569 posuit:
803 2528 812 2546 ‘
826 2538 895 2561 uno
923 2527 1074 2562 absurdo

360 2579 458 2621 dato,
473 2582 594 2614 cetera
605 2578 792 2612 accidere:
819 2579 1073 2623 Nimium—reip.

361 2623 484 2677 liberm
512 2629 615 2672 etfin
645 2629 875 2664 certissimum
903 2630 1074 2664 libertatis

363 2680 607 2724 praejudicium
622 2685 717 2715 vierat
744 2681 886 2723 iturum,
915 2691 996 2714 cum
1030 2682 1075 2715 ad

361 2731 495 2775 bellum
529 2733 722 2767 Pii-aticum
756 2737 876 2767 tanta.
900 2733 1072 2776 Pompeio

359 2787 505 2827 tamque
519 2785 749 2819 ,monarebica
775 2789 930 2828 potestas
963 2785 1077 2820 defer-

361 2836 494 2873 ants.
518 2843 637 2878 rnuucf
654 2845 705 2870 ne
730 2836 897 2882 quidadv
925 2836 1076 2872 absoluti

653 238 1104 272 NOTAEVARIORUM
1136 239 1191 271 IN
1226 237 1515 274 PATRROUIJI

1112 337 1308 370 dominatus
1323 339 1474 380 speciem
1491 338 1645 379 deesset,
1665 338 1826 374 continu-

1113 392 1203 430 atur,
1215 393 1374 430 augetur,
1387 391 1568 431 suppletur
1582 389 1640 421 illa
1648 390 1825 432 potentia.

1112 439 1206 470 Dum
1222 439 1313 471 enim
1327 440 1405 481 lege
1427 440 1571 472 Manilia
1587 441 1722 473 Luculli
1736 441 1824 483 legi·

1113 500 1195 522 ones
1217 495 1255 523 et
1269 490 1655 533 provinciae‚.Bitlrynia
1669 491 1768 533 item,
1786 490 1826 524 id

1113 544 1181 582 est,
1204 550 1418 584 quaecunque
1433 546 1537 574 antea
1553 552 1620 574 non
1643 542 1825 584 habuerat,

1111 590 1364 634 decernuntur,
1379 593 1568 635 classisque
1590 598 1627 626 et
1643 594 1826 636 imperium

1110 643 1320 675 maritimum
1357 644 1600 684 continuatur3
1639 645 1723 687 quid
1743 645 1825 678 *boe

1111 692 1206 725 aliud
1222 697 1310 734 erat,
1325 703 1429 735 quam
1441 694 1500 726 uni
1515 696 1622 727 semel
1639 696 1823 738 imperium

1111 743 1259 775 Romani
1281 743 1375 776 orbis
1398 745 1654 778 transcribere?
1674 745 1828 779 τοῦτοιδδ

1111 791 1162 835 ἦν,
1176 794 1225 835 ἐφ’
1240 793 1285 825 ἑνὶ
1306 793 1493 834 συλλήβδην
1513 795 1661 836 γενέσθαι
1681 796 1826 836 τὴνῬυῡ

1110 843 1209 885 μαίων
1221 845 1402 887 ἡγεμονίαν,
1427 847 1540 889 inquit
1561 848 1772 882 Plutarchus
1787 849 1824 882 in

1113 895 1236 937 Pomp.
1262 893 1341 938 ὅπερ
1362 896 1463 929 οὐδενί
1490 910 1539 930 πω
1561 897 1743 932 παντάπασι
1765 898 1826 942 πρὸ

1113 946 1221 978 travae*
1234 946 1311 986 ὁμοῦ
1333 945 1438 979 πάντα
1463 946 1565 990 ἐδόθη,
1590 954 1735 983 notante
1749 949 1823 992 Ap*

1115 996 1219 1038 piano
1227 997 1384 1031 Mithrid.
1393 1007 1427 1039 p.
1434 1000 1511 1031 238.
1529 999 1621 1032 Vide
1630 1003 1746 1032 tamen
1755 1000 1827 1033 cal·

1114 1048 1203 1080 lidas
1229 1053 1430 1092 astutasque
1454 1051 1828 1093 rationes,quibus·in·

1115 1098 1214 1133 ducti
1228 1100 1296 1132 duo
1308 1101 1431 1133 summi
1444 1102 1510 1133 viri
1523 1102 1646 1134 Cicero
1657 1106 1695 1134 et
1704 1102 1828 1135 -Caesar

1115 1152 1206 1185 hanc
1231 1153 1339 1195 legem
1364 1153 1545 1186 Maniliam
1569 1153 1760 1196 probarunt
1776 1159 1828 1187 at·

1117 1213 1184 1245 que
1202 1203 1440 1246 defensarunt,
1461 1205 1554 1246 apud
1577 1205 1680 1239 Dion.
1695 1214 1828 1239 xxxvr.

1114 1257 1218 1296 p.23.
1257 1255 1402 1287 Videbis
1424 1256 1547 1294 eadem
1565 1265 1684 1298 opera,
1698 1255 1829 1298 Remo.

1116 1305 1306 1338 Romanam
1324 1316 1393 1340 non
1409 1305 1517 1339 fuisse
1527 1306 1602 1348 jam
1625 1316 1699 1340 rem
1714 1306 1838 1349 publi--

1117 1365 1206 1388 cam.
1244 1357 1344 1388 Idem.
1786 1378 1801 1382 ›-

1161 1406 1349 1448 Insamiam]
1384 1407 1478 1441 Puto
1501 1408 1645 1451 rectius,
1656 1409 1833 1449 infame

1118 1461 1156 1490 et
1167 1457 1282 1490 refero
1298 1458 1343 1490 ad
1359 1458 1598 1501 cupiditatem.
1624 1459 1762 1502 Lipsius.
1821 1485 1824 1487 .

1163 1509 1345 1550 Neuterque
1359 1509 1398 1541 ab
1413 1509 1464 1551 eo]
1500 1510 1591 1542 Vide
1606 1519 1687 1542 num
1700 1510 1832 1552 terius,

1120 1564 1218 1592 certe
1250 1560 1388 1601 clarius,
1426 1564 1594 1601 neuterque
1621 1562 1711 1603 odeo,
1746 1562 1831 1604 ‘quod

1116 1610 1285 1653 arguebat,
1297 1611 1445 1644 mentitus
1453 1613 1548 1652 argui
1556 1616 1682 1654 posset.-
1677 1613 1832 1646 ·Nenter

1119 1662 1225 1695 falsus
1242 1663 1579 1705 convinciarguique
1594 1662 1630 1695 in
1645 1673 1686 1695 eo
1699 1669 1830 1706 posset,

1117 1713 1212 1755 quod
1227 1713 1407 1755 arguebat.
1446 1713 1605 1755 Uterque
1619 1714 1756 1757 utrique
1769 1722 1841 1748 re·-

1120 1773 1193 1796 ram
1209 1764 1344 1805 culpam
1360 1763 1562 1804 objiciebat.
1587 1764 1690 1797 Iam.

1166 1815 1235 1851 Quo
1248 1813 1457 1854 arguebatur]
1482 1813 1608 1856 Vulgo,
1621 1815 1703 1856 quod
1715 1823 1832 1855 orgus

1120 1865 1222 1897 batur.
1261 1865 1353 1901 Quod
1366 1864 1572 1906 arguebatur]
1595 1864 1633 1897 Si
1643 1864 1831 1906 diligenter

1121 1915 1335 1956 attendatur,
1370 1915 1505 1957 patebit
1547 1915 1705 1956 arguebat
1753 1923 1831 1949 esse

1120 1969 1259 2001 rectius.
1270 1968 1399 2000 Munut.
1434 1968 1506 2005 Quo
1513 1968 1720 2010 arguebatur]
1731 1968 1833 2002 Ruti·

1118 2019 1205 2053 dum
1219 2023 1285 2060 est,
1313 2019 1530 2052 doctissimos
1557 2020 1655 2051 viros·
1669 2020 1746 2052 heic
1768 2019 1831 2053 im·

1120 2069 1244 2111 plicari
1259 2069 1353 2102 cirea
1368 2070 1528 2110 glossam,
1542 2069 1724 2102 namnihil
1736 2070 1832 2103 ‘simi-.-

1120 2120 1187 2152 lius
1212 2129 1307 2161 vero,
1337 2129 1440 2162 quam
1468 2129 1627 2152 manasse
1653 2123 1788 2152 tantum
1809 2131 1832 2153 a

1123 2170 1257 2202 calamo
1271 2170 1411 2211 Velleii,
1422 2173 1591 2211 neuterque
1610 2170 1767 2202 mutim
1777 2179 1833 2206 ast·

1118 2221 1178 2260 gui
1191 2223 1306 2262 posset,
1318 2219 1532 2261 adlitumque
1545 2219 1671 2252 deinde
1683 2229 1704 2253 a
1717 2220 1831 2252 scriba

1123 2270 1259 2313 aliquo„
1274 2270 1314 2303 ab
1333 2280 1369 2302 eo
1382 2271 1464 2311 quod
1484 2270 1686 2310 arguebatur.
1728 2271 1832 2305 Bene

1123 2330 1275 2363 prorsus,
1297 2321 1407 2353 belle:
1424 2321 1489 2352 nisi
1505 2324 1553 2361 et,
1562 2321 1702 2354 Tacitus
1721 2322 1832 2364 scrip.-

1121 2372 1223 2407 sisset
1250 2371 1383 2405 Histor.
1405 2371 1466 2403 lib.
1491 2381 1519 2404 1.
1547 2381 1623 2414 cap.
1643 2374 1698 2405 2⁴.
1722 2373 1733 2390 ‘
1749 2379 1831 2407 mox

1124 2423 1219 2466 quasi
1248 2423 1404 2455 rixantes
1427 2426 1551 2464 stupra
1575 2429 1613 2459 et
1636 2422 1832 2466 flagitia-inv

1122 2473 1236 2505 vicem
1272 2473 1518 2514 objectavere.
1562 2478 1687 2508 neuter
1721 2473 1830 2511 falso-³

1127 2523 1263 2556 Gruter.

1172 2575 1216 2607 Ut
1234 2574 1375 2616 primum
1388 2575 1431 2606 ad
1445 2574 1578 2617 Remu]
1596 2574 1693 2617 Alii,
1695 2575 1831 2617 Πιμπ-

1123 2637 1207 2659 mum
1222 2627 1336 2668 Remp.
1349 2628 1476 2667 migres.
1499 2647 1503 2650 -

1166 2678 1283 2710 Animo
1293 2678 1420 2719 parem]
1450 2677 1652 2715 Animorum
1673 2686 1763 2720 ergo
1779 2678 1833 2713 in

1122 2732 1264 2771 spector
1285 2731 1323 2760 et
1346 2727 1481 2761 arbiter
1493 2728 1740 2770 Pompeius?
1751 2728 1832 2765 Non

1123 2779 1268 2822 opinor:
1305 2787 1372 2812 nec
1400 2778 1468 2818 boe
1490 2778 1540 2810 illi
1566 2778 1728 2820 {egressi
1741 2779 1834 2821 :quis

1123 2829 1238 2878 animo
1254 2833 1464 2878 aequaretur,
1477 2828 1540 2877 ⁸⁶5¹
1556 2829 1638 2867 aii-re
1660 2830 1832 2875 etspoei·
