<?xml version="1.0" encoding="UTF-8"?>
<!DOCTYPE html PUBLIC "-//W3C//DTD XHTML 1.0 Transitional//EN"
    "http://www.w3.org/TR/xhtml1/DTD/xhtml1-transitional.dtd">
<html xmlns="http://www.w3.org/1999/xhtml" xml:lang="en" lang="en">
 <head>
  <title>
</title>
<meta http-equiv="Content-Type" content="text/html;charset=utf-8" />
  <meta name='ocr-system' content='tesseract 3.04.00' />
  <meta name='ocr-capabilities' content='ocr_page ocr_carea ocr_par ocr_line ocrx_word'/>
</head>
<body>
  <div class='ocr_page' id='page_1' title='image "./historiaromanaex00velluoft_0494.png"; bbox 0 0 2008 3210; ppageno 0'>
   <div class='ocr_carea' id='block_1_1' title="bbox 321 204 1523 254">
    <p class='ocr_par' dir='ltr' id='par_1_1' title="bbox 321 204 1523 254">
     <span class='ocr_line' id='line_1_1' title="bbox 321 204 1523 254; baseline 0.007 -8"><span class='ocrx_word' id='word_1_1' title='bbox 321 204 410 247; x_wconf 78' lang='grc'><strong>482</strong></span> <span class='ocrx_word' id='word_1_2' title='bbox 602 217 665 247; x_wconf 80' lang='lat' dir='ltr'><strong>DE</strong></span> <span class='ocrx_word' id='word_1_3' title='bbox 694 218 735 247; x_wconf 86' lang='lat' dir='ltr'><strong>c.</strong></span> <span class='ocrx_word' id='word_1_4' title='bbox 768 216 974 249; x_wconf 62' lang='lat' dir='ltr'><strong>vamum</strong></span> <span class='ocrx_word' id='word_1_5' title='bbox 1008 218 1297 251; x_wconf 63' lang='lat' dir='ltr'><strong>enimcum</strong></span> <span class='ocrx_word' id='word_1_6' title='bbox 1322 219 1523 254; x_wconf 69' lang='lat' dir='ltr'><strong>conica.</strong></span> 
     </span>
    </p>
   </div>
   <div class='ocr_carea' id='block_1_2' title="bbox 321 310 1813 2848">
    <p class='ocr_par' dir='ltr' id='par_1_2' title="bbox 321 310 1806 947">
     <span class='ocr_line' id='line_1_2' title="bbox 322 310 1802 368; baseline 0.007 -19"><span class='ocrx_word' id='word_1_7' title='bbox 322 310 521 351; x_wconf 86' lang='lat' dir='ltr'><strong>hominum</strong></span> <span class='ocrx_word' id='word_1_8' title='bbox 561 312 691 351; x_wconf 81' lang='lat' dir='ltr'><strong>studio</strong></span> <span class='ocrx_word' id='word_1_9' title='bbox 724 313 883 354; x_wconf 88' lang='lat' dir='ltr'><strong>lacunas</strong></span> <span class='ocrx_word' id='word_1_10' title='bbox 911 314 1135 353; x_wconf 82' lang='lat' dir='ltr'>vetustioris</span> <span class='ocrx_word' id='word_1_11' title='bbox 1165 313 1335 368; x_wconf 83' lang='lat' dir='ltr'><strong>exempli</strong></span> <span class='ocrx_word' id='word_1_12' title='bbox 1360 316 1398 356; x_wconf 91' lang='lat' dir='ltr'><strong>in</strong></span> <span class='ocrx_word' id='word_1_13' title='bbox 1432 330 1519 364; x_wconf 85' lang='lat' dir='ltr'><strong>suo,</strong></span> <span class='ocrx_word' id='word_1_14' title='bbox 1555 329 1603 356; x_wconf 89' lang='lat' dir='ltr'><strong>ne</strong></span> <span class='ocrx_word' id='word_1_15' title='bbox 1641 317 1802 360; x_wconf 74' lang='lat' dir='ltr'><strong>mutilus</strong></span> 
     </span>
     <span class='ocr_line' id='line_1_3' title="bbox 322 375 1801 434; baseline 0.007 -20"><span class='ocrx_word' id='word_1_16' title='bbox 322 375 514 423; x_wconf 85' lang='lat' dir='ltr'><strong>videatur,</strong></span> <span class='ocrx_word' id='word_1_17' title='bbox 561 377 786 416; x_wconf 89' lang='lat' dir='ltr'><strong>occultandi</strong></span> <span class='ocrx_word' id='word_1_18' title='bbox 826 377 1033 418; x_wconf 86' lang='lat' dir='ltr'><strong>debentur.</strong></span> <span class='ocrx_word' id='word_1_19' title='bbox 1108 378 1438 420; x_wconf 84' lang='lat' dir='ltr'><strong>Mendosissimus</strong></span> <span class='ocrx_word' id='word_1_20' title='bbox 1483 381 1655 434; x_wconf 85' lang='lat' dir='ltr'><strong>denique</strong></span> <span class='ocrx_word' id='word_1_21' title='bbox 1704 390 1801 431; x_wconf 83' lang='lat' dir='ltr'><strong>erat,</strong></span> 
     </span>
     <span class='ocr_line' id='line_1_4' title="bbox 325 442 1802 501; baseline 0.007 -23"><span class='ocrx_word' id='word_1_22' title='bbox 325 446 385 479; x_wconf 86' lang='lat' dir='ltr'><strong>tot</strong></span> <span class='ocrx_word' id='word_1_23' title='bbox 423 448 462 479; x_wconf 90' lang='lat' dir='ltr'><strong>et</strong></span> <span class='ocrx_word' id='word_1_24' title='bbox 499 447 608 480; x_wconf 89' lang='lat' dir='ltr'><strong>tanta</strong></span> <span class='ocrx_word' id='word_1_25' title='bbox 646 442 956 494; x_wconf 83' lang='lat' dir='ltr'>corruptelarum</span> <span class='ocrx_word' id='word_1_26' title='bbox 995 442 1189 496; x_wconf 82' lang='lat' dir='ltr'><strong>prodigia,</strong></span> <span class='ocrx_word' id='word_1_27' title='bbox 1222 451 1320 496; x_wconf 90' lang='lat' dir='ltr'><strong>quot</strong></span> <span class='ocrx_word' id='word_1_28' title='bbox 1357 453 1395 485; x_wconf 88' lang='lat' dir='ltr'><strong>et</strong></span> <span class='ocrx_word' id='word_1_29' title='bbox 1432 452 1582 498; x_wconf 88' lang='lat' dir='ltr'><strong>quanta</strong></span> <span class='ocrx_word' id='word_1_30' title='bbox 1629 460 1802 501; x_wconf 76' lang='lat' dir='ltr'><strong>unquam</strong></span> 
     </span>
     <span class='ocr_line' id='line_1_5' title="bbox 324 506 1803 561; baseline 0.007 -18"><span class='ocrx_word' id='word_1_31' title='bbox 324 507 360 543; x_wconf 90' lang='lat' dir='ltr'><strong>in</strong></span> <span class='ocrx_word' id='word_1_32' title='bbox 402 519 479 544; x_wconf 92' lang='lat' dir='ltr'><strong>uno</strong></span> <span class='ocrx_word' id='word_1_33' title='bbox 511 506 653 545; x_wconf 87' lang='lat' dir='ltr'><strong>codice</strong></span> <span class='ocrx_word' id='word_1_34' title='bbox 673 506 872 559; x_wconf 82' lang='lat' dir='ltr'><strong>scriptoris</strong></span> <span class='ocrx_word' id='word_1_35' title='bbox 908 509 1055 548; x_wconf 88' lang='lat' dir='ltr'><strong>vetusti</strong></span> <span class='ocrx_word' id='word_1_36' title='bbox 1083 509 1444 561; x_wconf 86' lang='lat' dir='ltr'><strong>deprehenduntur,</strong></span> <span class='ocrx_word' id='word_1_37' title='bbox 1466 511 1803 553; x_wconf 73' lang='lat' dir='ltr'><strong>abundantissime</strong></span> 
     </span>
     <span class='ocr_line' id='line_1_6' title="bbox 324 570 1804 629; baseline 0.005 -21"><span class='ocrx_word' id='word_1_38' title='bbox 324 570 507 610; x_wconf 83' lang='lat' dir='ltr'><strong>referens.</strong></span> <span class='ocrx_word' id='word_1_39' title='bbox 567 571 668 611; x_wconf 88' lang='lat' dir='ltr'><strong>Nam</strong></span> <span class='ocrx_word' id='word_1_40' title='bbox 702 571 929 624; x_wconf 81' lang='lat' dir='ltr'><strong>descriptus</strong></span> <span class='ocrx_word' id='word_1_41' title='bbox 955 572 1031 612; x_wconf 83' lang='lat' dir='ltr'><strong>suit</strong></span> <span class='ocrx_word' id='word_1_42' title='bbox 1061 573 1114 612; x_wconf 88' lang='lat' dir='ltr'><strong>ab</strong></span> <span class='ocrx_word' id='word_1_43' title='bbox 1149 574 1304 615; x_wconf 89' lang='lat' dir='ltr'><strong>homine</strong></span> <span class='ocrx_word' id='word_1_44' title='bbox 1334 575 1623 624; x_wconf 75' lang='lat' dir='ltr'><strong>indoctissimo,</strong></span> <span class='ocrx_word' id='word_1_45' title='bbox 1655 576 1725 629; x_wconf 85' lang='lat' dir='ltr'><strong>qui</strong></span> <span class='ocrx_word' id='word_1_46' title='bbox 1755 590 1804 616; x_wconf 88' lang='lat' dir='ltr'><strong>ne</strong></span> 
     </span>
     <span class='ocr_line' id='line_1_7' title="bbox 321 630 1804 693; baseline 0.007 -21"><span class='ocrx_word' id='word_1_47' title='bbox 321 635 482 675; x_wconf 87' lang='lat' dir='ltr'><strong>verbum</strong></span> <span class='ocrx_word' id='word_1_48' title='bbox 496 634 655 687; x_wconf 86' lang='lat' dir='ltr'><strong>quidem</strong></span> <span class='ocrx_word' id='word_1_49' title='bbox 674 635 878 684; x_wconf 84' lang='lat' dir='ltr'><strong>intellexit,</strong></span> <span class='ocrx_word' id='word_1_50' title='bbox 898 630 1329 691; x_wconf 84' lang='lat' dir='ltr'><strong>negligentissimoque,</strong></span> <span class='ocrx_word' id='word_1_51' title='bbox 1344 639 1425 691; x_wconf 89' lang='lat' dir='ltr'><strong>qui,</strong></span> <span class='ocrx_word' id='word_1_52' title='bbox 1437 639 1580 680; x_wconf 86' lang='lat' dir='ltr'><strong>laboris</strong></span> <span class='ocrx_word' id='word_1_53' title='bbox 1597 648 1804 693; x_wconf 77' lang='lat' dir='ltr'><strong>pertoesus,</strong></span> 
     </span>
     <span class='ocr_line' id='line_1_8' title="bbox 322 699 1806 762; baseline 0.005 -25"><span class='ocrx_word' id='word_1_54' title='bbox 322 699 519 738; x_wconf 82' lang='lat' dir='ltr'><strong>festinanti</strong></span> <span class='ocrx_word' id='word_1_55' title='bbox 541 712 657 739; x_wconf 88' lang='lat' dir='ltr'><strong>manu</strong></span> <span class='ocrx_word' id='word_1_56' title='bbox 678 713 835 740; x_wconf 89' lang='lat' dir='ltr'><strong>munere</strong></span> <span class='ocrx_word' id='word_1_57' title='bbox 856 715 928 740; x_wconf 90' lang='lat' dir='ltr'><strong>suo</strong></span> <span class='ocrx_word' id='word_1_58' title='bbox 959 701 1171 741; x_wconf 85' lang='lat' dir='ltr'><strong>defunctus</strong></span> <span class='ocrx_word' id='word_1_59' title='bbox 1191 710 1265 742; x_wconf 86' lang='lat' dir='ltr'><strong>est.</strong></span> <span class='ocrx_word' id='word_1_60' title='bbox 1321 706 1507 744; x_wconf 79' lang='lat' dir='ltr'><strong>Attamen</strong></span> <span class='ocrx_word' id='word_1_61' title='bbox 1526 719 1576 745; x_wconf 83' lang='lat' dir='ltr'><strong>ex</strong></span> <span class='ocrx_word' id='word_1_62' title='bbox 1594 707 1806 762; x_wconf 81' lang='lat' dir='ltr'><strong>antiquiori</strong></span> 
     </span>
     <span class='ocr_line' id='line_1_9' title="bbox 324 765 1804 823; baseline 0.006 -21"><span class='ocrx_word' id='word_1_63' title='bbox 324 777 484 816; x_wconf 90' lang='lat' dir='ltr'><strong>quoque</strong></span> <span class='ocrx_word' id='word_1_64' title='bbox 503 765 698 816; x_wconf 86' lang='lat' dir='ltr'><strong>exemplo,</strong></span> <span class='ocrx_word' id='word_1_65' title='bbox 720 766 824 804; x_wconf 89' lang='lat' dir='ltr'><strong>unde</strong></span> <span class='ocrx_word' id='word_1_66' title='bbox 845 766 1121 805; x_wconf 87' lang='lat' dir='ltr'><strong>Murbacensis</strong></span> <span class='ocrx_word' id='word_1_67' title='bbox 1141 767 1240 807; x_wconf 87' lang='lat' dir='ltr'><strong>liber</strong></span> <span class='ocrx_word' id='word_1_68' title='bbox 1258 768 1480 820; x_wconf 85' lang='lat' dir='ltr'><strong>exscriptus</strong></span> <span class='ocrx_word' id='word_1_69' title='bbox 1495 775 1564 817; x_wconf 82' lang='lat' dir='ltr'><strong>est,</strong></span> <span class='ocrx_word' id='word_1_70' title='bbox 1582 771 1676 823; x_wconf 90' lang='lat' dir='ltr'><strong>quin</strong></span> <span class='ocrx_word' id='word_1_71' title='bbox 1687 771 1804 811; x_wconf 84' lang='lat' dir='ltr'><strong>etiam</strong></span> 
     </span>
     <span class='ocr_line' id='line_1_10' title="bbox 322 829 1804 887; baseline 0.006 -20"><span class='ocrx_word' id='word_1_72' title='bbox 322 843 369 867; x_wconf 83' lang='lat' dir='ltr'><strong>ex</strong></span> <span class='ocrx_word' id='word_1_73' title='bbox 390 829 504 881; x_wconf 82' lang='lat' dir='ltr'><strong>longe</strong></span> <span class='ocrx_word' id='word_1_74' title='bbox 523 830 828 882; x_wconf 83' lang='lat' dir='ltr'><strong>antiquioribus,</strong></span> <span class='ocrx_word' id='word_1_75' title='bbox 862 831 985 870; x_wconf 86' lang='lat' dir='ltr'><strong>multa</strong></span> <span class='ocrx_word' id='word_1_76' title='bbox 1006 831 1100 871; x_wconf 78' lang='lat' dir='ltr'><strong>vitia</strong></span> <span class='ocrx_word' id='word_1_77' title='bbox 1130 831 1181 870; x_wconf 84' lang='lat' dir='ltr'><strong>ad</strong></span> <span class='ocrx_word' id='word_1_78' title='bbox 1216 833 1528 874; x_wconf 85' lang='lat' dir='ltr'><strong>recentissimum</strong></span> <span class='ocrx_word' id='word_1_79' title='bbox 1559 848 1684 887; x_wconf 88' lang='lat' dir='ltr'><strong>usque</strong></span> <span class='ocrx_word' id='word_1_80' title='bbox 1714 843 1804 876; x_wconf 80' lang='lat' dir='ltr'><strong>sunt</strong></span> 
     </span>
     <span class='ocr_line' id='line_1_11' title="bbox 326 902 557 947; baseline 0.013 -15"><span class='ocrx_word' id='word_1_81' title='bbox 326 902 557 947; x_wconf 84' lang='lat' dir='ltr'><strong>propagata.</strong></span> 
     </span>
    </p>

    <p class='ocr_par' dir='ltr' id='par_1_3' title="bbox 322 960 1807 1714">
     <span class='ocr_line' id='line_1_12' title="bbox 380 960 1806 1007; baseline 0.005 -8"><span class='ocrx_word' id='word_1_82' title='bbox 380 960 460 999; x_wconf 85' lang='lat' dir='ltr'><strong>Sed</strong></span> <span class='ocrx_word' id='word_1_83' title='bbox 491 961 549 1000; x_wconf 90' lang='lat' dir='ltr'><strong>uti</strong></span> <span class='ocrx_word' id='word_1_84' title='bbox 579 961 665 1001; x_wconf 89' lang='lat' dir='ltr'><strong>haec</strong></span> <span class='ocrx_word' id='word_1_85' title='bbox 703 961 846 1000; x_wconf 88' lang='lat' dir='ltr'><strong>damna</strong></span> <span class='ocrx_word' id='word_1_86' title='bbox 876 960 1040 1000; x_wconf 85' lang='lat' dir='ltr'><strong>aliorum</strong></span> <span class='ocrx_word' id='word_1_87' title='bbox 1072 961 1212 1000; x_wconf 89' lang='lat' dir='ltr'><strong>Velleii</strong></span> <span class='ocrx_word' id='word_1_88' title='bbox 1241 961 1428 1002; x_wconf 86' lang='lat' dir='ltr'><strong>codicum</strong></span> <span class='ocrx_word' id='word_1_89' title='bbox 1452 964 1599 1004; x_wconf 87' lang='lat' dir='ltr'><strong>auxilio</strong></span> <span class='ocrx_word' id='word_1_90' title='bbox 1631 965 1806 1007; x_wconf 84' lang='lat' dir='ltr'><strong>resarciri</strong></span> 
     </span>
     <span class='ocr_line' id='line_1_13' title="bbox 324 1024 1806 1090; baseline 0.006 -29"><span class='ocrx_word' id='word_1_91' title='bbox 324 1036 524 1075; x_wconf 89' lang='lat' dir='ltr'><strong>nunquam</strong></span> <span class='ocrx_word' id='word_1_92' title='bbox 546 1039 661 1076; x_wconf 91' lang='lat' dir='ltr'><strong>posse</strong></span> <span class='ocrx_word' id='word_1_93' title='bbox 682 1025 850 1078; x_wconf 84' lang='lat' dir='ltr'><strong>graviter</strong></span> <span class='ocrx_word' id='word_1_94' title='bbox 868 1024 1098 1072; x_wconf 89' lang='lat' dir='ltr'><strong>dolendum,</strong></span> <span class='ocrx_word' id='word_1_95' title='bbox 1131 1026 1184 1065; x_wconf 88' lang='lat' dir='ltr'><strong>ita</strong></span> <span class='ocrx_word' id='word_1_96' title='bbox 1204 1039 1364 1090; x_wconf 89' lang='lat' dir='ltr'><strong>quoque</strong></span> <span class='ocrx_word' id='word_1_97' title='bbox 1385 1028 1504 1080; x_wconf 85' lang='lat' dir='ltr'><strong>ipsius</strong></span> <span class='ocrx_word' id='word_1_98' title='bbox 1522 1028 1672 1070; x_wconf 87' lang='lat' dir='ltr'><strong>codicis</strong></span> <span class='ocrx_word' id='word_1_99' title='bbox 1693 1031 1806 1070; x_wconf 87' lang='lat' dir='ltr'><strong>Mur-</strong></span> 
     </span>
     <span class='ocr_line' id='line_1_14' title="bbox 326 1089 1807 1149; baseline 0.007 -23"><span class='ocrx_word' id='word_1_100' title='bbox 326 1089 505 1129; x_wconf 63' lang='lat' dir='ltr'><strong>bat-ensis</strong></span> <span class='ocrx_word' id='word_1_101' title='bbox 519 1090 679 1141; x_wconf 83' lang='lat' dir='ltr'><strong>jactura</strong></span> <span class='ocrx_word' id='word_1_102' title='bbox 697 1091 839 1130; x_wconf 85' lang='lat' dir='ltr'><strong>acerbe</strong></span> <span class='ocrx_word' id='word_1_103' title='bbox 858 1090 1015 1130; x_wconf 83' lang='lat' dir='ltr'><strong>ferenda</strong></span> <span class='ocrx_word' id='word_1_104' title='bbox 1035 1098 1107 1130; x_wconf 89' lang='lat' dir='ltr'><strong>est.</strong></span> <span class='ocrx_word' id='word_1_105' title='bbox 1141 1091 1180 1130; x_wconf 88' lang='lat' dir='ltr'><strong>Is</strong></span> <span class='ocrx_word' id='word_1_106' title='bbox 1197 1092 1300 1130; x_wconf 89' lang='lat' dir='ltr'><strong>enim</strong></span> <span class='ocrx_word' id='word_1_107' title='bbox 1315 1092 1561 1144; x_wconf 87' lang='lat' dir='ltr'><strong>iniquissimo</strong></span> <span class='ocrx_word' id='word_1_108' title='bbox 1581 1094 1679 1144; x_wconf 88' lang='lat' dir='ltr'><strong>fato,</strong></span> <span class='ocrx_word' id='word_1_109' title='bbox 1699 1102 1807 1149; x_wconf 75' lang='lat' dir='ltr'><strong>post.-</strong></span> 
     </span>
     <span class='ocr_line' id='line_1_15' title="bbox 326 1155 1804 1212; baseline 0.006 -21"><span class='ocrx_word' id='word_1_110' title='bbox 326 1166 443 1204; x_wconf 88' lang='lat' dir='ltr'><strong>quam</strong></span> <span class='ocrx_word' id='word_1_111' title='bbox 459 1155 634 1194; x_wconf 84' lang='lat' dir='ltr'><strong>Rhenani</strong></span> <span class='ocrx_word' id='word_1_112' title='bbox 649 1168 742 1195; x_wconf 75' lang='lat' dir='ltr'><strong>cum</strong></span> <span class='ocrx_word' id='word_1_113' title='bbox 760 1155 942 1196; x_wconf 85' lang='lat' dir='ltr'><strong>Frobenii</strong></span> <span class='ocrx_word' id='word_1_114' title='bbox 957 1156 1057 1209; x_wconf 84' lang='lat' dir='ltr'><strong>typis</strong></span> <span class='ocrx_word' id='word_1_115' title='bbox 1075 1157 1298 1209; x_wconf 84' lang='lat' dir='ltr'><strong>exscriptus</strong></span> <span class='ocrx_word' id='word_1_116' title='bbox 1316 1165 1413 1204; x_wconf 85' lang='lat' dir='ltr'><strong>erat,</strong></span> <span class='ocrx_word' id='word_1_117' title='bbox 1435 1172 1593 1210; x_wconf 84' lang='lat' dir='ltr'><strong>prorsus</strong></span> <span class='ocrx_word' id='word_1_118' title='bbox 1613 1159 1804 1212; x_wconf 85' lang='lat' dir='ltr'><strong>disperiit.</strong></span> 
     </span>
     <span class='ocr_line' id='line_1_16' title="bbox 325 1218 1805 1273; baseline 0.005 -17"><span class='ocrx_word' id='word_1_119' title='bbox 325 1218 454 1257; x_wconf 89' lang='lat' dir='ltr'><strong>Nemo</strong></span> <span class='ocrx_word' id='word_1_120' title='bbox 472 1221 573 1259; x_wconf 88' lang='lat' dir='ltr'><strong>enim</strong></span> <span class='ocrx_word' id='word_1_121' title='bbox 593 1221 879 1273; x_wconf 82' lang='lat' dir='ltr'><strong>insequentium</strong></span> <span class='ocrx_word' id='word_1_122' title='bbox 900 1221 1092 1261; x_wconf 89' lang='lat' dir='ltr'><strong>editorum</strong></span> <span class='ocrx_word' id='word_1_123' title='bbox 1123 1222 1266 1262; x_wconf 89' lang='lat' dir='ltr'><strong>librum</strong></span> <span class='ocrx_word' id='word_1_124' title='bbox 1300 1236 1420 1265; x_wconf 86' lang='lat' dir='ltr'><strong>mann</strong></span> <span class='ocrx_word' id='word_1_125' title='bbox 1438 1232 1641 1264; x_wconf 86' lang='lat' dir='ltr'><strong>exaratum</strong></span> <span class='ocrx_word' id='word_1_126' title='bbox 1663 1238 1805 1264; x_wconf 76' lang='lat' dir='ltr'><strong>consu-</strong></span> 
     </span>
     <span class='ocr_line' id='line_1_17' title="bbox 326 1284 1807 1338; baseline 0.005 -16"><span class='ocrx_word' id='word_1_127' title='bbox 326 1284 413 1332; x_wconf 91' lang='lat' dir='ltr'><strong>luit,</strong></span> <span class='ocrx_word' id='word_1_128' title='bbox 435 1293 477 1324; x_wconf 88' lang='lat' dir='ltr'><strong>ut</strong></span> <span class='ocrx_word' id='word_1_129' title='bbox 507 1293 599 1338; x_wconf 88' lang='lat' dir='ltr'><strong>post</strong></span> <span class='ocrx_word' id='word_1_130' title='bbox 631 1286 870 1337; x_wconf 82' lang='lat' dir='ltr'><strong>exscriptum</strong></span> <span class='ocrx_word' id='word_1_131' title='bbox 892 1286 1099 1334; x_wconf 89' lang='lat' dir='ltr'><strong>Velleium,</strong></span> <span class='ocrx_word' id='word_1_132' title='bbox 1132 1288 1238 1338; x_wconf 88' lang='lat' dir='ltr'><strong>quod</strong></span> <span class='ocrx_word' id='word_1_133' title='bbox 1260 1287 1364 1327; x_wconf 90' lang='lat' dir='ltr'><strong>haud</strong></span> <span class='ocrx_word' id='word_1_134' title='bbox 1387 1301 1476 1328; x_wconf 84' lang='lat' dir='ltr'><strong>raro</strong></span> <span class='ocrx_word' id='word_1_135' title='bbox 1495 1288 1618 1332; x_wconf 85' lang='lat' dir='ltr'><strong>fiebat</strong></span> <span class='ocrx_word' id='word_1_136' title='bbox 1637 1290 1676 1328; x_wconf 89' lang='lat' dir='ltr'><strong>in</strong></span> <span class='ocrx_word' id='word_1_137' title='bbox 1696 1289 1807 1329; x_wconf 79' lang='lat' dir='ltr'><strong>libris</strong></span> 
     </span>
     <span class='ocr_line' id='line_1_18' title="bbox 325 1347 1807 1405; baseline 0.005 -18"><span class='ocrx_word' id='word_1_138' title='bbox 325 1354 510 1401; x_wconf 83' lang='lat' dir='ltr'><strong>typorum</strong></span> <span class='ocrx_word' id='word_1_139' title='bbox 532 1351 635 1391; x_wconf 88' lang='lat' dir='ltr'><strong>notis</strong></span> <span class='ocrx_word' id='word_1_140' title='bbox 655 1347 860 1403; x_wconf 77' lang='lat' dir='ltr'><strong>expressis,</strong></span> <span class='ocrx_word' id='word_1_141' title='bbox 880 1352 984 1391; x_wconf 83' lang='lat' dir='ltr'><strong>velut</strong></span> <span class='ocrx_word' id='word_1_142' title='bbox 1004 1353 1148 1392; x_wconf 90' lang='lat' dir='ltr'><strong>inutilis</strong></span> <span class='ocrx_word' id='word_1_143' title='bbox 1168 1353 1353 1405; x_wconf 85' lang='lat' dir='ltr'><strong>abjectus</strong></span> <span class='ocrx_word' id='word_1_144' title='bbox 1372 1367 1457 1394; x_wconf 89' lang='lat' dir='ltr'><strong>esse</strong></span> <span class='ocrx_word' id='word_1_145' title='bbox 1475 1354 1665 1395; x_wconf 87' lang='lat' dir='ltr'><strong>videatur.</strong></span> <span class='ocrx_word' id='word_1_146' title='bbox 1703 1355 1807 1395; x_wconf 83' lang='lat' dir='ltr'><strong>Nam</strong></span> 
     </span>
     <span class='ocr_line' id='line_1_19' title="bbox 325 1417 1805 1471; baseline 0.003 -18"><span class='ocrx_word' id='word_1_147' title='bbox 325 1421 462 1466; x_wconf 84' lang='lat' dir='ltr'><strong>postea</strong></span> <span class='ocrx_word' id='word_1_148' title='bbox 482 1417 522 1454; x_wconf 89' lang='lat' dir='ltr'><strong>in</strong></span> <span class='ocrx_word' id='word_1_149' title='bbox 542 1417 784 1457; x_wconf 83' lang='lat' dir='ltr'><strong>bibliotheca</strong></span> <span class='ocrx_word' id='word_1_150' title='bbox 806 1418 1058 1457; x_wconf 83' lang='lat' dir='ltr'><strong>Murbacensi</strong></span> <span class='ocrx_word' id='word_1_151' title='bbox 1073 1424 1249 1471; x_wconf 84' lang='lat' dir='ltr'><strong>repertus</strong></span> <span class='ocrx_word' id='word_1_152' title='bbox 1268 1433 1346 1458; x_wconf 88' lang='lat' dir='ltr'><strong>non</strong></span> <span class='ocrx_word' id='word_1_153' title='bbox 1365 1426 1422 1458; x_wconf 88' lang='lat' dir='ltr'><strong>est</strong></span> <span class='ocrx_word' id='word_1_154' title='bbox 1445 1432 1468 1458; x_wconf 95' lang='lat' dir='ltr'><strong>a</strong></span> <span class='ocrx_word' id='word_1_155' title='bbox 1489 1420 1805 1467; x_wconf 85' lang='lat' dir='ltr'><strong>Montfauconio,</strong></span> 
     </span>
     <span class='ocr_line' id='line_1_20' title="bbox 322 1480 1806 1544; baseline 0.005 -27"><span class='ocrx_word' id='word_1_156' title='bbox 322 1480 363 1517; x_wconf 91' lang='lat' dir='ltr'><strong>in</strong></span> <span class='ocrx_word' id='word_1_157' title='bbox 382 1481 572 1521; x_wconf 85' lang='lat' dir='ltr'><strong>Biblioth.</strong></span> <span class='ocrx_word' id='word_1_158' title='bbox 592 1483 709 1522; x_wconf 89' lang='lat' dir='ltr'><strong>Tom.</strong></span> <span class='ocrx_word' id='word_1_159' title='bbox 732 1494 785 1522; x_wconf 86' lang='lat'><strong>11.</strong></span> <span class='ocrx_word' id='word_1_160' title='bbox 807 1496 897 1535; x_wconf 87' lang='lat' dir='ltr'><strong>pag.</strong></span> <span class='ocrx_word' id='word_1_161' title='bbox 925 1487 1039 1527; x_wconf 87' lang='grc'>1175.</span> <span class='ocrx_word' id='word_1_162' title='bbox 1062 1484 1223 1523; x_wconf 87' lang='lat' dir='ltr'><strong>codices</strong></span> <span class='ocrx_word' id='word_1_163' title='bbox 1241 1484 1357 1535; x_wconf 89' lang='lat' dir='ltr'><strong>hujus</strong></span> <span class='ocrx_word' id='word_1_164' title='bbox 1375 1484 1544 1525; x_wconf 86' lang='lat' dir='ltr'><strong>coenobii</strong></span> <span class='ocrx_word' id='word_1_165' title='bbox 1561 1491 1806 1544; x_wconf 85' lang='lat' dir='ltr'><strong>recensente.</strong></span> 
     </span>
     <span class='ocr_line' id='line_1_21' title="bbox 325 1539 1807 1599; baseline 0.004 -16"><span class='ocrx_word' id='word_1_166' title='bbox 325 1539 466 1597; x_wconf 86' lang='lat' dir='ltr'><strong>Neque</strong></span> <span class='ocrx_word' id='word_1_167' title='bbox 487 1546 738 1594; x_wconf 84' lang='lat' dir='ltr'><strong>Ruhnkenio,</strong></span> <span class='ocrx_word' id='word_1_168' title='bbox 772 1549 811 1588; x_wconf 88' lang='lat' dir='ltr'><strong>in</strong></span> <span class='ocrx_word' id='word_1_169' title='bbox 830 1547 1002 1587; x_wconf 87' lang='lat' dir='ltr'><strong>editione</strong></span> <span class='ocrx_word' id='word_1_170' title='bbox 1021 1547 1159 1587; x_wconf 88' lang='lat' dir='ltr'><strong>Velleii</strong></span> <span class='ocrx_word' id='word_1_171' title='bbox 1178 1547 1355 1599; x_wconf 85' lang='lat' dir='ltr'><strong>paranda</strong></span> <span class='ocrx_word' id='word_1_172' title='bbox 1377 1548 1483 1588; x_wconf 89' lang='lat' dir='ltr'><strong>hunc</strong></span> <span class='ocrx_word' id='word_1_173' title='bbox 1509 1548 1651 1588; x_wconf 88' lang='lat' dir='ltr'><strong>librum</strong></span> <span class='ocrx_word' id='word_1_174' title='bbox 1676 1556 1807 1590; x_wconf 86' lang='lat' dir='ltr'><strong>vetus·</strong></span> 
     </span>
     <span class='ocr_line' id='line_1_22' title="bbox 325 1601 1807 1682; baseline 0.005 -34"><span class='ocrx_word' id='word_1_175' title='bbox 325 1602 408 1649; x_wconf 85' lang='lat' dir='ltr'><strong>tum</strong></span> <span class='ocrx_word' id='word_1_176' title='bbox 442 1601 513 1663; x_wconf 79' lang='lat' dir='ltr'><strong>per</strong></span> <span class='ocrx_word' id='word_1_177' title='bbox 537 1613 684 1653; x_wconf 87' lang='lat' dir='ltr'><strong>amicos</strong></span> <span class='ocrx_word' id='word_1_178' title='bbox 716 1614 871 1653; x_wconf 85' lang='lat' dir='ltr'><strong>Alsatos</strong></span> <span class='ocrx_word' id='word_1_179' title='bbox 892 1613 1107 1675; x_wconf 83' lang='lat' dir='ltr'><strong>indaganti,</strong></span> <span class='ocrx_word' id='word_1_180' title='bbox 1143 1614 1265 1672; x_wconf 89' lang='lat' dir='ltr'><strong>ullum</strong></span> <span class='ocrx_word' id='word_1_181' title='bbox 1286 1612 1373 1664; x_wconf 81' lang='lat' dir='ltr'><strong>ejus</strong></span> <span class='ocrx_word' id='word_1_182' title='bbox 1401 1613 1609 1682; x_wconf 87' lang='lat' dir='ltr'><strong>vestigium</strong></span> <span class='ocrx_word' id='word_1_183' title='bbox 1629 1604 1807 1656; x_wconf 80' lang='lat' dir='ltr'><strong>oblatum</strong></span> 
     </span>
     <span class='ocr_line' id='line_1_23' title="bbox 326 1681 400 1716; baseline 0.034 -4"><span class='ocrx_word' id='word_1_184' title='bbox 326 1681 400 1716; x_wconf 85' lang='lat' dir='ltr'><strong>est.</strong></span> 
     </span>
    </p>

    <p class='ocr_par' dir='ltr' id='par_1_4' title="bbox 325 1740 1811 2451">
     <span class='ocr_line' id='line_1_24' title="bbox 380 1740 1811 1796; baseline 0.004 -16"><span class='ocrx_word' id='word_1_185' title='bbox 380 1740 499 1780; x_wconf 88' lang='lat' dir='ltr'><strong>Hunc</strong></span> <span class='ocrx_word' id='word_1_186' title='bbox 520 1742 697 1782; x_wconf 88' lang='lat' dir='ltr'><strong>codicem</strong></span> <span class='ocrx_word' id='word_1_187' title='bbox 730 1744 1033 1783; x_wconf 85' lang='lat' dir='ltr'><strong>Murbacensem</strong></span> <span class='ocrx_word' id='word_1_188' title='bbox 1056 1743 1284 1792; x_wconf 82' lang='lat' dir='ltr'><strong>Rhenanus,</strong></span> <span class='ocrx_word' id='word_1_189' title='bbox 1322 1748 1366 1783; x_wconf 86' lang='lat' dir='ltr'><strong>ut</strong></span> <span class='ocrx_word' id='word_1_190' title='bbox 1384 1744 1519 1796; x_wconf 83' lang='lat' dir='ltr'><strong>operis</strong></span> <span class='ocrx_word' id='word_1_191' title='bbox 1539 1744 1726 1794; x_wconf 86' lang='lat' dir='ltr'><strong>traderet,</strong></span> <span class='ocrx_word' id='word_1_192' title='bbox 1755 1746 1811 1787; x_wconf 84' lang='lat' dir='ltr'><strong>ab</strong></span> 
     </span>
     <span class='ocr_line' id='line_1_25' title="bbox 326 1795 1811 1860; baseline 0.007 -18"><span class='ocrx_word' id='word_1_193' title='bbox 326 1804 455 1844; x_wconf 87' lang='lat' dir='ltr'><strong>amico</strong></span> <span class='ocrx_word' id='word_1_194' title='bbox 472 1795 661 1858; x_wconf 86' lang='lat' dir='ltr'><strong>quodam,</strong></span> <span class='ocrx_word' id='word_1_195' title='bbox 682 1808 751 1847; x_wconf 88' lang='lat' dir='ltr'><strong>sed</strong></span> <span class='ocrx_word' id='word_1_196' title='bbox 766 1814 1022 1860; x_wconf 86' lang='lat' dir='ltr'><strong>properanter</strong></span> <span class='ocrx_word' id='word_1_197' title='bbox 1031 1813 1070 1847; x_wconf 84' lang='lat' dir='ltr'><strong>et</strong></span> <span class='ocrx_word' id='word_1_198' title='bbox 1084 1801 1331 1860; x_wconf 82' lang='lat' dir='ltr'><strong>indiligenter</strong></span> <span class='ocrx_word' id='word_1_199' title='bbox 1350 1808 1447 1859; x_wconf 88' lang='lat' dir='ltr'><strong>(vid.</strong></span> <span class='ocrx_word' id='word_1_200' title='bbox 1466 1809 1594 1850; x_wconf 86' lang='lat' dir='ltr'><strong>Rhen.</strong></span> <span class='ocrx_word' id='word_1_201' title='bbox 1606 1801 1811 1860; x_wconf 86' lang='lat' dir='ltr'><strong>Dedicat.)</strong></span> 
     </span>
     <span class='ocr_line' id='line_1_26' title="bbox 328 1865 1808 1927; baseline 0.007 -21"><span class='ocrx_word' id='word_1_202' title='bbox 328 1882 488 1910; x_wconf 88' lang='lat' dir='ltr'><strong>munere</strong></span> <span class='ocrx_word' id='word_1_203' title='bbox 507 1884 576 1910; x_wconf 89' lang='lat' dir='ltr'><strong>suo</strong></span> <span class='ocrx_word' id='word_1_204' title='bbox 597 1872 795 1925; x_wconf 86' lang='lat' dir='ltr'><strong>fungente,</strong></span> <span class='ocrx_word' id='word_1_205' title='bbox 824 1873 997 1912; x_wconf 88' lang='lat' dir='ltr'><strong>describi</strong></span> <span class='ocrx_word' id='word_1_206' title='bbox 1016 1873 1181 1920; x_wconf 88' lang='lat' dir='ltr'><strong>curavit,</strong></span> <span class='ocrx_word' id='word_1_207' title='bbox 1211 1880 1252 1913; x_wconf 89' lang='lat' dir='ltr'><strong>et</strong></span> <span class='ocrx_word' id='word_1_208' title='bbox 1273 1865 1447 1927; x_wconf 88' lang='lat' dir='ltr'><strong>quinque</strong></span> <span class='ocrx_word' id='word_1_209' title='bbox 1466 1888 1537 1926; x_wconf 90' lang='lat' dir='ltr'><strong>per</strong></span> <span class='ocrx_word' id='word_1_210' title='bbox 1554 1888 1693 1924; x_wconf 85' lang='lat' dir='ltr'><strong>annos,</strong></span> <span class='ocrx_word' id='word_1_211' title='bbox 1713 1876 1808 1917; x_wconf 87' lang='lat' dir='ltr'><strong>dum</strong></span> 
     </span>
     <span class='ocr_line' id='line_1_27' title="bbox 327 1929 1811 1998; baseline 0.005 -24"><span class='ocrx_word' id='word_1_212' title='bbox 327 1948 417 1989; x_wconf 89' lang='lat' dir='ltr'><strong>spes</strong></span> <span class='ocrx_word' id='word_1_213' title='bbox 448 1936 619 1976; x_wconf 88' lang='lat' dir='ltr'><strong>melioris</strong></span> <span class='ocrx_word' id='word_1_214' title='bbox 652 1938 743 1978; x_wconf 86' lang='lat' dir='ltr'><strong>lib&#39;ri</strong></span> <span class='ocrx_word' id='word_1_215' title='bbox 776 1929 1061 1986; x_wconf 73' lang='lat' dir='ltr'><strong>nansciscendi,</strong></span> <span class='ocrx_word' id='word_1_216' title='bbox 1092 1952 1162 1991; x_wconf 87' lang='lat' dir='ltr'><strong>per</strong></span> <span class='ocrx_word' id='word_1_217' title='bbox 1197 1939 1392 1978; x_wconf 86' lang='lat' dir='ltr'><strong>Merulam</strong></span> <span class='ocrx_word' id='word_1_218' title='bbox 1425 1946 1545 1998; x_wconf 86' lang='lat' dir='ltr'><strong>mota,</strong></span> <span class='ocrx_word' id='word_1_219' title='bbox 1578 1941 1811 1995; x_wconf 58' lang='lat' dir='ltr'><strong>affulgebat,</strong></span> 
     </span>
     <span class='ocr_line' id='line_1_28' title="bbox 326 2000 1811 2062; baseline 0.005 -23"><span class='ocrx_word' id='word_1_220' title='bbox 326 2000 518 2040; x_wconf 89' lang='lat' dir='ltr'><strong>ineditum</strong></span> <span class='ocrx_word' id='word_1_221' title='bbox 539 2003 646 2055; x_wconf 89' lang='lat' dir='ltr'><strong>apud</strong></span> <span class='ocrx_word' id='word_1_222' title='bbox 668 2017 708 2043; x_wconf 87' lang='lat' dir='ltr'><strong>se</strong></span> <span class='ocrx_word' id='word_1_223' title='bbox 739 2003 906 2044; x_wconf 84' lang='lat' dir='ltr'><strong>retinuit.</strong></span> <span class='ocrx_word' id='word_1_224' title='bbox 946 2005 1045 2043; x_wconf 90' lang='lat' dir='ltr'><strong>Cum</strong></span> <span class='ocrx_word' id='word_1_225' title='bbox 1076 2017 1169 2043; x_wconf 86' lang='lat' dir='ltr'><strong>vero</strong></span> <span class='ocrx_word' id='word_1_226' title='bbox 1187 2003 1336 2053; x_wconf 87' lang='lat' dir='ltr'><strong>ederet,</strong></span> <span class='ocrx_word' id='word_1_227' title='bbox 1356 2017 1491 2057; x_wconf 83' lang='lat' dir='ltr'><strong>operae</strong></span> <span class='ocrx_word' id='word_1_228' title='bbox 1510 2006 1679 2062; x_wconf 82' lang='lat' dir='ltr'><strong>pretium</strong></span> <span class='ocrx_word' id='word_1_229' title='bbox 1702 2006 1811 2062; x_wconf 80' lang='lat' dir='ltr'><strong>haud</strong></span> 
     </span>
     <span class='ocr_line' id='line_1_29' title="bbox 325 2058 1808 2127; baseline 0.004 -22"><span class='ocrx_word' id='word_1_230' title='bbox 325 2066 452 2121; x_wconf 87' lang='lat' dir='ltr'><strong>duxit,</strong></span> <span class='ocrx_word' id='word_1_231' title='bbox 474 2070 582 2118; x_wconf 84' lang='lat' dir='ltr'><strong>(nam</strong></span> <span class='ocrx_word' id='word_1_232' title='bbox 614 2058 748 2108; x_wconf 81' lang='lat' dir='ltr'><strong>critica</strong></span> <span class='ocrx_word' id='word_1_233' title='bbox 770 2075 944 2125; x_wconf 23' lang='lat' dir='ltr'><strong>tum-ars</strong></span> <span class='ocrx_word' id='word_1_234' title='bbox 964 2069 1096 2109; x_wconf 90' lang='lat' dir='ltr'><strong>adhuc</strong></span> <span class='ocrx_word' id='word_1_235' title='bbox 1117 2075 1201 2109; x_wconf 87' lang='lat' dir='ltr'><strong>erat</strong></span> <span class='ocrx_word' id='word_1_236' title='bbox 1234 2070 1272 2108; x_wconf 88' lang='lat' dir='ltr'><strong>in</strong></span> <span class='ocrx_word' id='word_1_237' title='bbox 1306 2070 1588 2121; x_wconf 81' lang='lat' dir='ltr'><strong>incunabulis‚)</strong></span> <span class='ocrx_word' id='word_1_238' title='bbox 1618 2085 1682 2127; x_wconf 75' lang='lat' dir='ltr'><strong>ea,</strong></span> <span class='ocrx_word' id='word_1_239' title='bbox 1717 2085 1808 2125; x_wconf 81' lang='lat' dir='ltr'><strong>quae</strong></span> 
     </span>
     <span class='ocr_line' id='line_1_30' title="bbox 327 2121 1809 2188; baseline 0.003 -17"><span class='ocrx_word' id='word_1_240' title='bbox 327 2131 450 2172; x_wconf 85' lang='lat' dir='ltr'><strong>critici</strong></span> <span class='ocrx_word' id='word_1_241' title='bbox 491 2121 610 2173; x_wconf 86' lang='lat' dir='ltr'><strong>hodie</strong></span> <span class='ocrx_word' id='word_1_242' title='bbox 636 2135 686 2174; x_wconf 88' lang='lat' dir='ltr'><strong>de</strong></span> <span class='ocrx_word' id='word_1_243' title='bbox 717 2122 820 2174; x_wconf 43' lang='lat' dir='ltr'><strong>&#39;libro</strong></span> <span class='ocrx_word' id='word_1_244' title='bbox 850 2148 966 2174; x_wconf 86' lang='lat' dir='ltr'><strong>manu</strong></span> <span class='ocrx_word' id='word_1_245' title='bbox 1003 2141 1166 2188; x_wconf 84' lang='lat' dir='ltr'><strong>exarato</strong></span> <span class='ocrx_word' id='word_1_246' title='bbox 1204 2135 1307 2174; x_wconf 88' lang='lat' dir='ltr'><strong>scire</strong></span> <span class='ocrx_word' id='word_1_247' title='bbox 1326 2134 1504 2183; x_wconf 89' lang='lat' dir='ltr'><strong>interest,</strong></span> <span class='ocrx_word' id='word_1_248' title='bbox 1539 2134 1699 2183; x_wconf 84' lang='lat' dir='ltr'><strong>referre,</strong></span> <span class='ocrx_word' id='word_1_249' title='bbox 1732 2130 1809 2176; x_wconf 83' lang='lat' dir='ltr'><strong>nisi</strong></span> 
     </span>
     <span class='ocr_line' id='line_1_31' title="bbox 327 2192 1809 2253; baseline 0.003 -17"><span class='ocrx_word' id='word_1_250' title='bbox 327 2199 576 2249; x_wconf 85' lang='lat' dir='ltr'><strong>paucissima.</strong></span> <span class='ocrx_word' id='word_1_251' title='bbox 649 2201 789 2253; x_wconf 90' lang='lat' dir='ltr'><strong>Neque</strong></span> <span class='ocrx_word' id='word_1_252' title='bbox 822 2201 1016 2248; x_wconf 61' lang='lat' dir='ltr'><strong>Bia-erius,</strong></span> <span class='ocrx_word' id='word_1_253' title='bbox 1055 2200 1106 2240; x_wconf 93' lang='lat' dir='ltr'><strong>de</strong></span> <span class='ocrx_word' id='word_1_254' title='bbox 1140 2213 1221 2252; x_wconf 90' lang='lat' dir='ltr'><strong>quo</strong></span> <span class='ocrx_word' id='word_1_255' title='bbox 1260 2214 1349 2239; x_wconf 88' lang='lat' dir='ltr'><strong>mox</strong></span> <span class='ocrx_word' id='word_1_256' title='bbox 1388 2192 1584 2248; x_wconf 87' lang='lat' dir='ltr'><strong>dicemus,</strong></span> <span class='ocrx_word' id='word_1_257' title='bbox 1622 2201 1809 2241; x_wconf 83' lang='lat' dir='ltr'><strong>editionis</strong></span> 
     </span>
     <span class='ocr_line' id='line_1_32' title="bbox 325 2263 1810 2322; baseline 0.003 -20"><span class='ocrx_word' id='word_1_258' title='bbox 325 2263 463 2315; x_wconf 86' lang='lat' dir='ltr'><strong>primae</strong></span> <span class='ocrx_word' id='word_1_259' title='bbox 483 2264 533 2303; x_wconf 87' lang='lat' dir='ltr'><strong>ad</strong></span> <span class='ocrx_word' id='word_1_260' title='bbox 563 2264 712 2303; x_wconf 82' lang='lat' dir='ltr'><strong>codicis</strong></span> <span class='ocrx_word' id='word_1_261' title='bbox 740 2279 916 2305; x_wconf 85' lang='lat' dir='ltr'><strong>normam</strong></span> <span class='ocrx_word' id='word_1_262' title='bbox 938 2265 1165 2316; x_wconf 83' lang='lat' dir='ltr'><strong>castigator,</strong></span> <span class='ocrx_word' id='word_1_263' title='bbox 1196 2265 1284 2305; x_wconf 92' lang='lat' dir='ltr'><strong>libri</strong></span> <span class='ocrx_word' id='word_1_264' title='bbox 1317 2265 1462 2304; x_wconf 88' lang='lat' dir='ltr'><strong>vetusti</strong></span> <span class='ocrx_word' id='word_1_265' title='bbox 1497 2265 1722 2322; x_wconf 86' lang='lat' dir='ltr'><strong>diligentem</strong></span> <span class='ocrx_word' id='word_1_266' title='bbox 1741 2266 1810 2306; x_wconf 87' lang='lat' dir='ltr'><strong>de-</strong></span> 
     </span>
     <span class='ocr_line' id='line_1_33' title="bbox 328 2320 1810 2387; baseline 0.003 -21"><span class='ocrx_word' id='word_1_267' title='bbox 328 2320 582 2380; x_wconf 79' lang='lat' dir='ltr'><strong>scriptionem</strong></span> <span class='ocrx_word' id='word_1_268' title='bbox 599 2330 734 2377; x_wconf 85' lang='lat' dir='ltr'><strong>dedit;</strong></span> <span class='ocrx_word' id='word_1_269' title='bbox 764 2338 895 2371; x_wconf 85' lang='lat' dir='ltr'><strong>tamen</strong></span> <span class='ocrx_word' id='word_1_270' title='bbox 914 2332 955 2370; x_wconf 88' lang='lat' dir='ltr'><strong>in</strong></span> <span class='ocrx_word' id='word_1_271' title='bbox 974 2331 1078 2370; x_wconf 87' lang='lat' dir='ltr'><strong>notis</strong></span> <span class='ocrx_word' id='word_1_272' title='bbox 1101 2330 1152 2370; x_wconf 87' lang='lat' dir='ltr'><strong>ad</strong></span> <span class='ocrx_word' id='word_1_273' title='bbox 1174 2330 1324 2387; x_wconf 83' lang='lat' dir='ltr'><strong>singula</strong></span> <span class='ocrx_word' id='word_1_274' title='bbox 1345 2329 1545 2382; x_wconf 87' lang='lat' dir='ltr'><strong>scriptoris</strong></span> <span class='ocrx_word' id='word_1_275' title='bbox 1564 2330 1652 2370; x_wconf 91' lang='lat' dir='ltr'><strong>loca</strong></span> <span class='ocrx_word' id='word_1_276' title='bbox 1668 2331 1810 2383; x_wconf 85' lang='lat' dir='ltr'><strong>passim</strong></span> 
     </span>
     <span class='ocr_line' id='line_1_34' title="bbox 329 2394 1808 2451; baseline 0 -16"><span class='ocrx_word' id='word_1_277' title='bbox 329 2394 480 2449; x_wconf 77' lang='lat' dir='ltr'><strong>codicis</strong></span> <span class='ocrx_word' id='word_1_278' title='bbox 499 2395 692 2444; x_wconf 89' lang='lat' dir='ltr'><strong>habitum,</strong></span> <span class='ocrx_word' id='word_1_279' title='bbox 713 2397 909 2437; x_wconf 82' lang='lat' dir='ltr'><strong>literarum</strong></span> <span class='ocrx_word' id='word_1_280' title='bbox 929 2396 1091 2443; x_wconf 86' lang='lat' dir='ltr'><strong>ductus,</strong></span> <span class='ocrx_word' id='word_1_281' title='bbox 1112 2401 1277 2448; x_wconf 86' lang='lat' dir='ltr'><strong>puncta,</strong></span> <span class='ocrx_word' id='word_1_282' title='bbox 1301 2401 1342 2435; x_wconf 90' lang='lat' dir='ltr'><strong>et</strong></span> <span class='ocrx_word' id='word_1_283' title='bbox 1359 2396 1626 2435; x_wconf 83' lang='lat' dir='ltr'><strong>correctiones</strong></span> <span class='ocrx_word' id='word_1_284' title='bbox 1644 2396 1808 2451; x_wconf 79' lang='lat' dir='ltr'><strong>notavit.</strong></span> 
     </span>
    </p>

    <p class='ocr_par' dir='ltr' id='par_1_5' title="bbox 327 2460 1813 2848">
     <span class='ocr_line' id='line_1_35' title="bbox 385 2460 1812 2516; baseline 0.001 -17"><span class='ocrx_word' id='word_1_285' title='bbox 385 2460 487 2506; x_wconf 84' lang='lat' dir='ltr'><strong>Quae</strong></span> <span class='ocrx_word' id='word_1_286' title='bbox 504 2461 625 2514; x_wconf 85' lang='lat' dir='ltr'><strong>igitur</strong></span> <span class='ocrx_word' id='word_1_287' title='bbox 642 2462 694 2501; x_wconf 91' lang='lat' dir='ltr'><strong>de</strong></span> <span class='ocrx_word' id='word_1_288' title='bbox 705 2462 858 2501; x_wconf 89' lang='lat' dir='ltr'><strong>codicis</strong></span> <span class='ocrx_word' id='word_1_289' title='bbox 878 2462 1016 2501; x_wconf 89' lang='lat' dir='ltr'><strong>Velleii</strong></span> <span class='ocrx_word' id='word_1_290' title='bbox 1035 2460 1166 2516; x_wconf 79' lang='lat' dir='ltr'><strong>indole</strong></span> <span class='ocrx_word' id='word_1_291' title='bbox 1181 2474 1228 2499; x_wconf 87' lang='lat' dir='ltr'><strong>ex</strong></span> <span class='ocrx_word' id='word_1_292' title='bbox 1245 2460 1474 2500; x_wconf 87' lang='lat' dir='ltr'><strong>testimoniis</strong></span> <span class='ocrx_word' id='word_1_293' title='bbox 1489 2460 1670 2516; x_wconf 83' lang='lat' dir='ltr'><strong>Rhenani</strong></span> <span class='ocrx_word' id='word_1_294' title='bbox 1687 2461 1812 2502; x_wconf 89' lang='lat' dir='ltr'><strong>Bure-</strong></span> 
     </span>
     <span class='ocr_line' id='line_1_36' title="bbox 327 2525 1812 2579; baseline 0.001 -15"><span class='ocrx_word' id='word_1_295' title='bbox 327 2525 468 2578; x_wconf 86' lang='lat' dir='ltr'><strong>riique,</strong></span> <span class='ocrx_word' id='word_1_296' title='bbox 501 2532 542 2566; x_wconf 90' lang='lat' dir='ltr'><strong>et</strong></span> <span class='ocrx_word' id='word_1_297' title='bbox 561 2527 791 2579; x_wconf 86' lang='lat' dir='ltr'><strong>conjectura</strong></span> <span class='ocrx_word' id='word_1_298' title='bbox 810 2527 850 2567; x_wconf 88' lang='lat' dir='ltr'><strong>in</strong></span> <span class='ocrx_word' id='word_1_299' title='bbox 869 2525 1055 2566; x_wconf 87' lang='lat' dir='ltr'><strong>auxilium</strong></span> <span class='ocrx_word' id='word_1_300' title='bbox 1075 2531 1217 2565; x_wconf 87' lang='lat' dir='ltr'><strong>vocata</strong></span> <span class='ocrx_word' id='word_1_301' title='bbox 1250 2532 1446 2573; x_wconf 89' lang='lat' dir='ltr'><strong>constant,</strong></span> <span class='ocrx_word' id='word_1_302' title='bbox 1477 2531 1569 2565; x_wconf 88' lang='lat' dir='ltr'><strong>sunt</strong></span> <span class='ocrx_word' id='word_1_303' title='bbox 1598 2525 1679 2565; x_wconf 85' lang='lat' dir='ltr'><strong>fere</strong></span> <span class='ocrx_word' id='word_1_304' title='bbox 1709 2525 1812 2566; x_wconf 79' lang='lat' dir='ltr'><strong>haec.</strong></span> 
     </span>
     <span class='ocr_line' id='line_1_37' title="bbox 330 2590 1809 2644; baseline -0.001 -14"><span class='ocrx_word' id='word_1_305' title='bbox 330 2591 467 2644; x_wconf 79' lang='lat' dir='ltr'><strong>Fuisse</strong></span> <span class='ocrx_word' id='word_1_306' title='bbox 507 2606 598 2632; x_wconf 88' lang='lat' dir='ltr'><strong>eum</strong></span> <span class='ocrx_word' id='word_1_307' title='bbox 637 2594 965 2633; x_wconf 63' lang='lat' dir='ltr'><strong>mambranaceum</strong></span> <span class='ocrx_word' id='word_1_308' title='bbox 1002 2598 1169 2632; x_wconf 86' lang='lat' dir='ltr'><strong>testatur</strong></span> <span class='ocrx_word' id='word_1_309' title='bbox 1206 2591 1421 2630; x_wconf 86' lang='lat' dir='ltr'><strong>Rhenanus</strong></span> <span class='ocrx_word' id='word_1_310' title='bbox 1439 2605 1450 2638; x_wconf 88' lang='lat'>;</span> <span class='ocrx_word' id='word_1_311' title='bbox 1495 2590 1567 2630; x_wconf 88' lang='lat' dir='ltr'><strong>sed</strong></span> <span class='ocrx_word' id='word_1_312' title='bbox 1605 2594 1809 2638; x_wconf 70' lang='lat' dir='ltr'><strong>vetustate,</strong></span> 
     </span>
     <span class='ocr_line' id='line_1_38' title="bbox 330 2655 1811 2710; baseline -0.001 -14"><span class='ocrx_word' id='word_1_313' title='bbox 330 2657 500 2710; x_wconf 84' lang='lat' dir='ltr'><strong>maxime</strong></span> <span class='ocrx_word' id='word_1_314' title='bbox 518 2658 556 2697; x_wconf 92' lang='lat' dir='ltr'><strong>in</strong></span> <span class='ocrx_word' id='word_1_315' title='bbox 576 2655 666 2706; x_wconf 71' lang='lat' dir='ltr'><strong>fine‘,</strong></span> <span class='ocrx_word' id='word_1_316' title='bbox 685 2658 744 2698; x_wconf 88' lang='lat' dir='ltr'><strong>ita</strong></span> <span class='ocrx_word' id='word_1_317' title='bbox 761 2671 952 2705; x_wconf 77' lang='lat' dir='ltr'><strong>arrasum,</strong></span> <span class='ocrx_word' id='word_1_318' title='bbox 967 2663 1011 2697; x_wconf 89' lang='lat' dir='ltr'><strong>ut</strong></span> <span class='ocrx_word' id='word_1_319' title='bbox 1028 2657 1106 2705; x_wconf 86' lang='lat' dir='ltr'><strong>vix,</strong></span> <span class='ocrx_word' id='word_1_320' title='bbox 1127 2656 1222 2708; x_wconf 89' lang='lat' dir='ltr'><strong>quid</strong></span> <span class='ocrx_word' id='word_1_321' title='bbox 1240 2657 1430 2709; x_wconf 88' lang='lat' dir='ltr'><strong>scriptum</strong></span> <span class='ocrx_word' id='word_1_322' title='bbox 1445 2656 1574 2704; x_wconf 88' lang='lat' dir='ltr'><strong>fuerit,</strong></span> <span class='ocrx_word' id='word_1_323' title='bbox 1591 2660 1811 2709; x_wconf 86' lang='lat' dir='ltr'><strong>appareret,</strong></span> 
     </span>
     <span class='ocr_line' id='line_1_39' title="bbox 329 2721 1810 2776; baseline 0 -15"><span class='ocrx_word' id='word_1_324' title='bbox 329 2721 450 2762; x_wconf 87' lang='lat' dir='ltr'><strong>refert</strong></span> <span class='ocrx_word' id='word_1_325' title='bbox 468 2724 654 2775; x_wconf 74' lang='lat' dir='ltr'><strong>Burerius</strong></span> <span class='ocrx_word' id='word_1_326' title='bbox 682 2724 720 2763; x_wconf 89' lang='lat' dir='ltr'><strong>in</strong></span> <span class='ocrx_word' id='word_1_327' title='bbox 741 2724 842 2764; x_wconf 90' lang='lat' dir='ltr'><strong>notis</strong></span> <span class='ocrx_word' id='word_1_328' title='bbox 862 2724 912 2764; x_wconf 90' lang='lat' dir='ltr'><strong>ad</strong></span> <span class='ocrx_word' id='word_1_329' title='bbox 934 2724 1063 2776; x_wconf 83' lang='lat' dir='ltr'><strong>capita</strong></span> <span class='ocrx_word' id='word_1_330' title='bbox 1094 2729 1281 2763; x_wconf 87' lang='lat' dir='ltr'><strong>extrema.</strong></span> <span class='ocrx_word' id='word_1_331' title='bbox 1341 2721 1495 2762; x_wconf 91' lang='lat' dir='ltr'><strong>Deinde</strong></span> <span class='ocrx_word' id='word_1_332' title='bbox 1515 2721 1644 2775; x_wconf 71' lang='lat' dir='ltr'><strong>literis</strong></span> <span class='ocrx_word' id='word_1_333' title='bbox 1662 2722 1810 2762; x_wconf 74' lang='lat' dir='ltr'><strong>minm-</strong></span> 
     </span>
     <span class='ocr_line' id='line_1_40' title="bbox 331 2785 1813 2848; baseline -0.001 -21"><span class='ocrx_word' id='word_1_334' title='bbox 331 2786 430 2840; x_wconf 68' lang='lat' dir='ltr'><strong>culis</strong></span> <span class='ocrx_word' id='word_1_335' title='bbox 448 2790 652 2842; x_wconf 71' lang='lat' dir='ltr'><strong>scriptum,</strong></span> <span class='ocrx_word' id='word_1_336' title='bbox 673 2795 788 2844; x_wconf 79' lang='lat' dir='ltr'><strong>atque</strong></span> <span class='ocrx_word' id='word_1_337' title='bbox 801 2785 848 2831; x_wconf 65' lang='lat' dir='ltr'><strong>&#39;ex</strong></span> <span class='ocrx_word' id='word_1_338' title='bbox 863 2790 939 2830; x_wconf 80' lang='lat' dir='ltr'><strong>tali</strong></span> <span class='ocrx_word' id='word_1_339' title='bbox 958 2789 1245 2848; x_wconf 64' lang='lat' dir='ltr'><strong>transcriptum</strong></span> <span class='ocrx_word' id='word_1_340' title='bbox 1252 2787 1397 2840; x_wconf 76' lang='lat' dir='ltr'><strong>sais-se,</strong></span> <span class='ocrx_word' id='word_1_341' title='bbox 1417 2793 1528 2840; x_wconf 88' lang='lat' dir='ltr'><strong>patet</strong></span> <span class='ocrx_word' id='word_1_342' title='bbox 1547 2799 1639 2827; x_wconf 89' lang='lat' dir='ltr'><strong>cum</strong></span> <span class='ocrx_word' id='word_1_343' title='bbox 1657 2800 1706 2840; x_wconf 82' lang='lat' dir='ltr'><strong>ex</strong></span> <span class='ocrx_word' id='word_1_344' title='bbox 1726 2786 1813 2826; x_wconf 84' lang='lat' dir='ltr'><strong>viti-</strong></span> 
     </span>
    </p>
   </div>
   <div class='ocr_carea' id='block_1_3' title="bbox 1975 0 1996 431">
    <p class='ocr_par' dir='ltr' id='par_1_6' title="bbox 1975 0 1996 431">
     <span class='ocr_line' id='line_1_41' title="bbox 1975 0 1996 431; textangle 90"><span class='ocrx_word' id='word_1_345' title='bbox 1981 237 1996 431; x_wconf 38' lang='lat' dir='ltr'><strong>..eum-Q</strong></span> <span class='ocrx_word' id='word_1_346' title='bbox 1975 0 1995 233; x_wconf 56' lang='lat' dir='ltr'><strong>Qum</strong></span> 
     </span>
    </p>
   </div>
   <div class='ocr_carea' id='block_1_4' title="bbox 2004 825 2008 1939">
    <p class='ocr_par' dir='ltr' id='par_1_7' title="bbox 2004 825 2008 1939">
     <span class='ocr_line' id='line_1_42' title="bbox 2004 825 2008 1939; baseline 0 0"><span class='ocrx_word' id='word_1_347' title='bbox 2004 825 2008 1939; x_wconf 95' lang='lat' dir='ltr'><strong> </strong></span> 
     </span>
    </p>
   </div>
  </div>
 </body>
</html>
