2008 3210
1999 0 2008 206 μ-ι-Δι-ι-

381 219 479 263 488-
824 231 1084 265 nncensus
1120 233 1406 267 anirroNUM

387 333 486 376 1591
518 328 541 368 J
547 334 656 367 ustus
678 327 844 379 Lipsius,
863 329 920 368 vir
935 341 1088 381 magnae
1111 331 1348 383 sagacitatis,
1363 332 1542 380 solertiae,
1559 338 1598 374 et
1615 334 1859 384 eruditionis,

435 393 615 447 praeclari
649 393 774 438 critici
808 394 1023 446 exemplar,
1056 393 1092 432 in
1114 394 1262 434 Nostro
1282 396 1531 437 emendando
1560 411 1603 437 se
1635 398 1732 450 ipso»
1753 403 1864 452 quasi
1997 363 2008 439 l

435 459 624 511 superior.
678 459 720 497 Is
750 457 1092 498 emendationibus
1127 459 1450 510 compluribusvin
1477 461 1683 514 prioribus.
1701 464 1861 517 scriptis
2003 456 2008 479 ¹

436 531 554 565 antea
566 523 796 576 propositis,
810 528 851 562 et
862 523 1013 564 .Vellei0
1028 523 1191 575 publice
1210 524 1457 566 auditoribus
1469 527 1664 578 exposito,
1679 527 1860 570 iniueem

434 589 560 630 emisit
578 601 670 628 eum
698 589 802 628 h.‚a.
824 588 1233 629 animadversionibus
1266 589 1347 630 suis
1379 592 1629 643 castigatum,
1656 593 1772 646 typis-
1786 594 1864 633 na-

434 654 644 708 phelengii.
666 659 704 694 8.
724 653 893 705 adjectis
913 667 943 693 a.
957 653 1229 706 Rapbelengio
1250 655 1366 695 variis
1401 655 1652 704 lectionibus,
1685 658 1862 699 ex-sAldi

432 726 472 760 et
492 718 674 771 Schegkii
693 718 934 759 editionibus
953 720 1137 770 notisque
1155 721 1366 772 excerptis,
1385 726 1425 760 et
1444 721 1682 772 conjecturis
1700 736 1750 763 ex
1768 724 1860 776 Lip-

433 785 756 829 siisdocentis-ore
784 784 990 836 exceptis:
1022 796 1111 836 quae
1138 784 1261 823 editio
1282 785 1426 837 saepius
1459 785 1549 825 dein
1583 787 1751 839 repetita
1780 796 1866 840 est,

433 854 582 893 Omnes
604 863 697 890 vero
729 848 923 888 editiones
943 847 1148 901 Lipsianae-
1163 861 1243 888 non
1263 854 1414 889 textum
1434 850 1485 889 ab
1516 848 1861 892 editore-recensi-

433 926 533 966 tum,
555 916 621 956 sed
642 915 773 968 potius
787 914 974 954 Aldinum
989 913 1176 953 exhibent
1193 929 1204 960 ;
1235 920 1276 953 at
1295 914 1332 953 in
1348 914 1755 957 animadversionibus
1766 925 1860 970 post

433 984 625 1024 editorem
657 980 916 1020 Basileensem
950 979 1030 1018 fere
1059 979 1243 1031 plurima,
1277 985 1319 1019 et
1352 979 1511 1031 quidem
1539 980 1859 1032 desperatissima

433 1051 532 1096 loca,
552 1047 657 1087 varia
676 1059 754 1098 ope
774 1053 816 1086 et
835 1050 933 1092 arte,
965 1044 1062 1084 mira
1083 1044 1275 1084 felicitate
1296 1045 1460 1084 sanavit.
1515 1045 1682 1086 Eminet*
1701 1046 1857 1100 Lipsius

413 1115 534 1155 'inter
566 1112 740 1164 reliquos
761 1110 902 1150 Velleii
920 1109 1198 1150 emendatores
1231 1110 1394 1150 lacunas
1411 1110 1463 1149 ab
1482 1109 1570 1162 ipso
1598 1111 1767 1164 primum
1785 1114 1856 1154 ob-

432 1185 605 1220 servatas
638 1178 740 1216 bene
759 1176 972 1229 explendo,
1001 1181 1040 1215 et
1062 1175 1244 1228 scriptori
1270 1175 1414 1227 passim
1434 1188 1607 1216 acumen,
1636 1189 1755 1222 suum
1769 1178 1859 1223 red-

433 1244 580 1285 dendo.
636 1241 828 1281 Plurimus
857 1240 1152 1280 emendationes
1185 1254 1235 1280 ex
1264 1253 1399 1281 rerum,
1426 1240 1602 1288 historia,
1634 1255 1659 1282 a
1690 1242 1860 1295 vestigiis

429 1317 563 1350 tamen
599 1307 747 1350 codicis
767 1307 872 1345 haud
903 1305 1104 1352 recedens,
1142 1305 1274 1345 hausit
1290 1320 1300 1352 ;
1342 1318 1481 1345 ornnes
1515 1306 1761 1347 eruditionis:-
1775 1320 1855 1355 suae

355 1364 359 1367 ¹
433 1375 550 1427 copia
568 1373 721 1413 firmare
749 1378 914 1411 conatus
933 1376 1007 1410 est.
1061 1370 1171 1411 Idem
1192 1376 1286 1422 post
1316 1369 1462 1410 Aldum
1492 1383 1743 1412 numerorum
1771 1372 1859 1412 ‘cor-

412 1439 414 1441 '
431 1440 596 1493 ruptelis
614 1437 798 1478 sanandis
818 1436 959 1475 iterum
979 1448 1139 1487 operam
1159 1434 1288 1474 dedit.
1339 1434 1600 1487 Raphelengii
1618 1442 1766 1485 antem,
1787 1440 1855 1490 qui

433 1506 581 1559 priores
601 1503 696 1543 edd.
717 1500 820 1541 haud
839 1506 1023 1540 accurate
1044 1500 1227 1552 inspexit,
1258 1498 1358 1539 fides
1378 1506 1418 1538 et
1439 1499 1596 1540 solertia
1614 1513 1755 1552 parum
1773 1503 1856 1543 lau-

392 1571 508 1611 dis
516 1575 696 1615 meretur,
715 1567 797 1608 ab
786 1579 955 1618 ipsoque
975 1566 1204 1606 Paterculus
1225 1578 1365 1618 parum
1385 1564 1568 1617 profecit.

383 1641 488 1684 1594
517 1635 573 1674 C.
585 1632 756 1672 Velleius
773 1630 1021 1677 Paterculus,
1043 1643 1137 1669 cum
1155 1630 1248 1669 Aldi
1267 1629 1437 1670 Manutii
1456 1630 1630 1678 scholiis,
1663 1631 1702 1672 J.
1730 1608 1855 1686 Lipsii

432 1697 849 1744 animadversionibus,
862 1698 947 1736 Jac.
961 1694 1148 1747 Schegkii
1167 1694 1295 1742 notis;
1329 1695 1442 1734 Vinc.
1459 1694 1856 1746 (sic)Acidaliivariis

431 1764 696 1806 lectionibus.⁴
723 1761 922 1814 Lugduni.
946 1761 1106 1802 s.-—Cf.
1128 1773 1194 1800 an.
1221 1758 1339 1800 1602.
1760 1776 1762 1779 ·

423 1862 426 1864 Α
486 1831 583 1870 Post
613 1828 788 1880 Lipsium
820 1826 931 1867 Fulv.
955 1825 1122 1865 Ursinus
1154 1825 1204 1864 de
1233 1824 1443 1864 Paterculo
1478 1825 1637 1866 meritus
1667 1834 1742 1875 est,
1775 1841 1853 1868 nou

421 1896 591 1949 -quidem
610 1893 782 1941 edendo,
803 1891 874 1931 sed
895 1891 1040 1930 notulis
1061 1904 1155 1931 eum
1173 1890 1424 1942 castigando,
1446 1904 1555 1943 quas.

383 1966 484 2010 1595
515 1959 755 2012 Fragmenta
784 1957 1078 1997 Historicorum
1107 1957 1224 1996 Rom.
1245 1956 1500 2008 Antwerpiae,
1536 1963 1576 1997 8.
1603 1956 1643 1996 in
1663 1958 1853 1999 Velleium

392 2054 395 2057 r
421 2027 608 2078 -aliosque
628 2023 836 2064 historicos
856 2022 1055 2074 subjecit3
1087 2035 1252 2075 quarum
1274 2022 1479 2061 nonnullas
1491 2021 1578 2073 jam
1597 2022 1638 2061 in
1656 2035 1777 2074 opere
1802 2024 1853 2064 de

432 2091 602 2132 Familiis
613 2091 731 2130 Rom.
751 2094 866 2136 1577.
885 2094 1164 2140 proposuerat.
1193 2089 1238 2127 In
1252 2087 1476 2127 nominibus
1489 2086 1671 2139 propriis,
1683 2100 1852 2139 quorum

430 2157 555 2197 multa
573 2154 795 2208 prodigiose
828 2159 1017 2205 corrupta
1037 2152 1165 2192 editor
1196 2152 1450 2200 Basileensis,
1469 2151 1611 2199 Aldus,
1637 2157 1680 2191 et
1695 2152 1852 2205 Lipsius

430 2221 683 2273 reliquerant,
711 2216 964 2258 restituendis
995 2218 1198 2270 praecipue
1217 2217 1382 2257 feliciter
1400 2221 1667 2265 versatusest,
1699 2217 1851 2270 quippe

431 2286 500 2339 qui
517 2292 700 2325 veterum
716 2283 922 2323 titulorum
949 2288 989 2323 et
1007 2295 1259 2325 nummorum
1278 2295 1356 2321 usu
1369 2281 1610 2322 exercitatus
1629 2288 1714 2321 erat
1730 2288 1850 2336 atque

395 2360 398 2362 “
429 2350 612 2403 adjutus
649 2347 818 2400 Reliqua
835 2360 958 2400 parea
975 2360 1093 2386 manu
1112 2352 1154 2387 et
1171 2347 1339 2400 sparsim
1359 2352 1511 2386 tantum
1532 2347 1717 2389 tentavit.

382 2376 485 2463 1596
515 2416 564 2456 C.
602 2414 782 2455 Velleius
808 2413 1058 2453 Paterculus.
1094 2413 1140 2453 J.
1165 2412 1328 2464 Lipsius
1366 2411 1585 2452 recensuit.
1635 2411 1756 2467 Apud
1794 2412 1848 2452 H.

430 2478 925 2522 Coxnmelinun1.24.sine
944 2478 1060 2517 notis.
1081 2477 1146 2517 Cf.
1163 2490 1272 2529 supr.
1291 2476 1340 2516 ad
1360 2490 1426 2516 an.
1450 2480 1579 2523 1591ι

378 2547 483 2588 1600
513 2545 753 2598 Antverpiae.
781 2551 823 2585 4.
849 2557 899 2583 ex
932 2542 1090 2582 officina
1120 2541 1376 2589 Flaminiana,
1397 2540 1506 2594 apud
1537 2541 1612 2581 Jo„
1634 2541 1848 2590 Moretum.

429 2612 527 2653 Post
541 2610 738 2657 Tacitum,
758 2623 782 2649 a
800 2611 839 2650 J.
857 2608 990 2661 Lipsio
1009 2612 1252 2660 postremum
1272 2606 1530 2649 recensituma
1595 2637 1599 2640 .

380 2675 482 2718 1602
498 2675 773 2723 >.Fr„ancofurti,
792 2688 841 2714 ex
860 2673 968 2715 offic.
998 2672 1197 2713 Palthoni.
1218 2678 1280 2713 12.
1301 2685 1417 2724 qnam
1437 2683 1515 2723 pro,
1530 2669 1847 2720 iterataLugdu-

431 2742 541 2781 nensi
581 2741 738 2782 Gallica
766 2754 832 2780 an.
872 2744 987 2787 1594.
1017 2739 1141 2778 habet
1167 2740 1426 2779 Burmannus.
1482 2735 1662 2774 Textum
1687 2735 1847 2776 exhibet

430 2805 618 2846 Aldinum
634 2820 725 2847 cum
745 2804 1089 2859 depravationibus
1109 2804 1292 2845 omnibus
1310 2809 1350 2845 et
1370 2813 1577 2856 operarum
1593 2798 1719 2842 vitiis.
