<?xml version="1.0" encoding="UTF-8"?>
<!DOCTYPE html PUBLIC "-//W3C//DTD XHTML 1.0 Transitional//EN"
    "http://www.w3.org/TR/xhtml1/DTD/xhtml1-transitional.dtd">
<html xmlns="http://www.w3.org/1999/xhtml" xml:lang="en" lang="en">
 <head>
  <title>
</title>
<meta http-equiv="Content-Type" content="text/html;charset=utf-8" />
  <meta name='ocr-system' content='tesseract 3.04.00' />
  <meta name='ocr-capabilities' content='ocr_page ocr_carea ocr_par ocr_line ocrx_word'/>
</head>
<body>
  <div class='ocr_page' id='page_1' title='image "./historiaromanaex00velluoft_0402.png"; bbox 0 0 2008 3210; ppageno 0'>
   <div class='ocr_carea' id='block_1_1' title="bbox 335 263 423 306">
    <p class='ocr_par' dir='ltr' id='par_1_1' title="bbox 335 263 423 306">
     <span class='ocr_line' id='line_1_1' title="bbox 335 263 423 306; baseline 0.011 -1"><span class='ocrx_word' id='word_1_1' title='bbox 335 263 423 306; x_wconf 84' lang='lat'><strong>390</strong></span> 
     </span>
    </p>
   </div>
   <div class='ocr_carea' id='block_1_2' title="bbox 333 368 1056 2919">
    <p class='ocr_par' dir='ltr' id='par_1_2' title="bbox 333 368 1055 2243">
     <span class='ocr_line' id='line_1_2' title="bbox 337 368 1048 413; baseline 0.003 -12"><span class='ocrx_word' id='word_1_2' title='bbox 337 369 414 402; x_wconf 86' lang='lat' dir='ltr'><strong>dam</strong></span> <span class='ocrx_word' id='word_1_3' title='bbox 431 368 603 402; x_wconf 85' lang='lat' dir='ltr'><strong>nominat:</strong></span> <span class='ocrx_word' id='word_1_4' title='bbox 627 368 740 411; x_wconf 68' lang='grc' dir='ltr'>Λόγοις</span> <span class='ocrx_word' id='word_1_5' title='bbox 752 381 790 403; x_wconf 87' lang='grc' dir='ltr'><strong>τε</strong></span> <span class='ocrx_word' id='word_1_6' title='bbox 801 369 864 413; x_wconf 70' lang='grc' dir='ltr'><strong>γὰρ</strong></span> <span class='ocrx_word' id='word_1_7' title='bbox 877 370 1048 413; x_wconf 70' lang='grc' dir='ltr'><strong><em>ῥητορικοῖς</em></strong></span> 
     </span>
     <span class='ocr_line' id='line_1_3' title="bbox 336 419 1047 466; baseline 0.004 -14"><span class='ocrx_word' id='word_1_8' title='bbox 336 421 398 461; x_wconf 69' lang='grc' dir='ltr'><strong>οὐχ</strong></span> <span class='ocrx_word' id='word_1_9' title='bbox 413 419 461 452; x_wconf 78' lang='grc' dir='ltr'><strong>ὅτι</strong></span> <span class='ocrx_word' id='word_1_10' title='bbox 475 422 517 463; x_wconf 81' lang='grc' dir='ltr'><strong>τῇ</strong></span> <span class='ocrx_word' id='word_1_11' title='bbox 529 422 593 452; x_wconf 80' lang='grc' dir='ltr'><strong>τῶν</strong></span> <span class='ocrx_word' id='word_1_12' title='bbox 616 420 766 462; x_wconf 75' lang='grc' dir='ltr'><strong>Λατίνων,</strong></span> <span class='ocrx_word' id='word_1_13' title='bbox 790 420 878 454; x_wconf 74' lang='grc' dir='ltr'><strong>ἀλλὰ</strong></span> <span class='ocrx_word' id='word_1_14' title='bbox 898 421 950 454; x_wconf 77' lang='lat' dir='ltr'><strong>nal</strong></span> <span class='ocrx_word' id='word_1_15' title='bbox 972 423 1047 466; x_wconf 76' lang='grc' dir='ltr'>τῇδε</span> 
     </span>
     <span class='ocr_line' id='line_1_4' title="bbox 335 470 1047 516; baseline 0.003 -13"><span class='ocrx_word' id='word_1_16' title='bbox 335 473 378 514; x_wconf 79' lang='grc' dir='ltr'><strong>τῇ</strong></span> <span class='ocrx_word' id='word_1_17' title='bbox 399 470 530 514; x_wconf 71' lang='grc' dir='ltr'>γλώττῃ</span> <span class='ocrx_word' id='word_1_18' title='bbox 557 471 698 510; x_wconf 77' lang='grc' dir='ltr'>ἠσκεῖτο·</span> <span class='ocrx_word' id='word_1_19' title='bbox 723 471 776 504; x_wconf 71' lang='grc' dir='ltr'><strong>καὶ</strong></span> <span class='ocrx_word' id='word_1_20' title='bbox 801 472 835 504; x_wconf 80' lang='grc' dir='ltr'><strong>ἐν</strong></span> <span class='ocrx_word' id='word_1_21' title='bbox 857 473 928 505; x_wconf 79' lang='grc' dir='ltr'><strong>ταῖς</strong></span> <span class='ocrx_word' id='word_1_22' title='bbox 952 483 1047 516; x_wconf 76' lang='grc' dir='ltr'><strong><em>στρα-</em></strong></span> 
     </span>
     <span class='ocr_line' id='line_1_5' title="bbox 335 521 1046 564; baseline 0.006 -10"><span class='ocrx_word' id='word_1_23' title='bbox 335 521 432 555; x_wconf 79' lang='grc' dir='ltr'>τείαις</span> <span class='ocrx_word' id='word_1_24' title='bbox 446 521 618 564; x_wconf 50' lang='lat' dir='ltr'><strong>estimabitur</strong></span> <span class='ocrx_word' id='word_1_25' title='bbox 638 523 821 564; x_wconf 73' lang='grc' dir='ltr'>ἐξεπονεῖτο,</span> <span class='ocrx_word' id='word_1_26' title='bbox 845 522 886 555; x_wconf 74' lang='grc' dir='ltr'><strong>τά</strong></span> <span class='ocrx_word' id='word_1_27' title='bbox 899 535 937 556; x_wconf 85' lang='grc' dir='ltr'><strong>τε</strong></span> <span class='ocrx_word' id='word_1_28' title='bbox 955 529 1046 558; x_wconf 77' lang='grc' dir='ltr'><strong><em>πολι-</em></strong></span> 
     </span>
     <span class='ocr_line' id='line_1_6' title="bbox 334 572 1044 616; baseline 0.004 -10"><span class='ocrx_word' id='word_1_29' title='bbox 334 573 407 606; x_wconf 77' lang='grc' dir='ltr'>τικὰ</span> <span class='ocrx_word' id='word_1_30' title='bbox 426 573 531 606; x_wconf 73' lang='grc' dir='ltr'>καὶτὰ</span> <span class='ocrx_word' id='word_1_31' title='bbox 551 573 666 616; x_wconf 78' lang='grc' dir='ltr'><strong><em>ἀρχικὰ</em></strong></span> <span class='ocrx_word' id='word_1_32' title='bbox 689 573 823 616; x_wconf 77' lang='grc' dir='ltr'><strong><em>ἰσχυρῶς</em></strong></span> <span class='ocrx_word' id='word_1_33' title='bbox 845 572 1044 610; x_wconf 58' lang='lat' dir='ltr'><strong>domnionem:</strong></span> 
     </span>
     <span class='ocr_line' id='line_1_7' title="bbox 337 625 1046 669; baseline 0.001 -11"><span class='ocrx_word' id='word_1_34' title='bbox 337 625 554 658; x_wconf 76' lang='lat' dir='ltr'><strong>Exercebatur</strong></span> <span class='ocrx_word' id='word_1_35' title='bbox 564 626 661 657; x_wconf 81' lang='lat' dir='ltr'><strong>etiam</strong></span> <span class='ocrx_word' id='word_1_36' title='bbox 674 625 710 658; x_wconf 83' lang='lat' dir='ltr'><strong>in</strong></span> <span class='ocrx_word' id='word_1_37' title='bbox 723 625 828 658; x_wconf 77' lang='lat' dir='ltr'><strong>stadio</strong></span> <span class='ocrx_word' id='word_1_38' title='bbox 852 627 1046 669; x_wconf 70' lang='lat' dir='ltr'><strong>eloquentia»,</strong></span> 
     </span>
     <span class='ocr_line' id='line_1_8' title="bbox 334 675 1046 717; baseline 0.003 -9"><span class='ocrx_word' id='word_1_39' title='bbox 334 687 398 708; x_wconf 87' lang='lat' dir='ltr'><strong>non</strong></span> <span class='ocrx_word' id='word_1_40' title='bbox 412 677 501 707; x_wconf 79' lang='lat' dir='ltr'><strong>modo</strong></span> <span class='ocrx_word' id='word_1_41' title='bbox 513 675 554 707; x_wconf 84' lang='lat' dir='ltr'><strong>ad</strong></span> <span class='ocrx_word' id='word_1_42' title='bbox 569 675 708 717; x_wconf 79' lang='lat' dir='ltr'><strong>Latinae,</strong></span> <span class='ocrx_word' id='word_1_43' title='bbox 729 677 785 708; x_wconf 80' lang='lat' dir='ltr'><strong>sed</strong></span> <span class='ocrx_word' id='word_1_44' title='bbox 806 679 839 709; x_wconf 73' lang='lat' dir='ltr'><strong>et</strong></span> <span class='ocrx_word' id='word_1_45' title='bbox 862 677 903 709; x_wconf 83' lang='lat' dir='ltr'><strong>ad</strong></span> <span class='ocrx_word' id='word_1_46' title='bbox 921 677 1046 710; x_wconf 81' lang='lat' dir='ltr'><strong>Groecae</strong></span> 
     </span>
     <span class='ocr_line' id='line_1_9' title="bbox 336 726 1046 767; baseline 0.003 -9"><span class='ocrx_word' id='word_1_47' title='bbox 336 726 454 767; x_wconf 81' lang='lat' dir='ltr'><strong>linguae</strong></span> <span class='ocrx_word' id='word_1_48' title='bbox 464 726 735 767; x_wconf 78' lang='lat' dir='ltr'><strong>promtitudinem.</strong></span> <span class='ocrx_word' id='word_1_49' title='bbox 774 726 949 760; x_wconf 81' lang='lat' dir='ltr'><strong>Laboribus</strong></span> <span class='ocrx_word' id='word_1_50' title='bbox 962 728 1046 760; x_wconf 72' lang='lat' dir='ltr'><strong>mili·</strong></span> 
     </span>
     <span class='ocr_line' id='line_1_10' title="bbox 336 776 1046 820; baseline 0.004 -12"><span class='ocrx_word' id='word_1_51' title='bbox 336 778 393 809; x_wconf 80' lang='lat' dir='ltr'><strong>tioe</strong></span> <span class='ocrx_word' id='word_1_52' title='bbox 418 779 545 809; x_wconf 82' lang='lat' dir='ltr'><strong>strenue</strong></span> <span class='ocrx_word' id='word_1_53' title='bbox 569 776 783 810; x_wconf 78' lang='lat' dir='ltr'><strong>insuescebat:</strong></span> <span class='ocrx_word' id='word_1_54' title='bbox 804 778 936 820; x_wconf 75' lang='lat' dir='ltr'><strong>denique</strong></span> <span class='ocrx_word' id='word_1_55' title='bbox 957 779 1046 820; x_wconf 80' lang='lat' dir='ltr'><strong>quid-</strong></span> 
     </span>
     <span class='ocr_line' id='line_1_11' title="bbox 336 827 1046 870; baseline 0.006 -13"><span class='ocrx_word' id='word_1_56' title='bbox 336 827 413 868; x_wconf 82' lang='lat' dir='ltr'><strong><em>quid</em></strong></span> <span class='ocrx_word' id='word_1_57' title='bbox 427 827 469 858; x_wconf 85' lang='lat' dir='ltr'><strong>ad</strong></span> <span class='ocrx_word' id='word_1_58' title='bbox 480 836 579 868; x_wconf 81' lang='lat' dir='ltr'><strong>remp.</strong></span> <span class='ocrx_word' id='word_1_59' title='bbox 603 828 775 868; x_wconf 82' lang='lat' dir='ltr'><strong>gerendam</strong></span> <span class='ocrx_word' id='word_1_60' title='bbox 799 827 992 870; x_wconf 79' lang='lat' dir='ltr'><strong>imperiaque</strong></span> <span class='ocrx_word' id='word_1_61' title='bbox 1014 831 1046 862; x_wconf 76' lang='lat' dir='ltr'><strong>et</strong></span> 
     </span>
     <span class='ocr_line' id='line_1_12' title="bbox 335 878 1047 922; baseline 0.006 -13"><span class='ocrx_word' id='word_1_62' title='bbox 335 878 544 919; x_wconf 70' lang='lat' dir='ltr'><strong>magistratus</strong></span> <span class='ocrx_word' id='word_1_63' title='bbox 564 878 828 911; x_wconf 80' lang='lat' dir='ltr'><strong>administrandas</strong></span> <span class='ocrx_word' id='word_1_64' title='bbox 848 880 1001 922; x_wconf 80' lang='lat' dir='ltr'><strong><em>pertinet,</em></strong></span> <span class='ocrx_word' id='word_1_65' title='bbox 1015 890 1047 913; x_wconf 83' lang='lat' dir='ltr'><strong>e·</strong></span> 
     </span>
     <span class='ocr_line' id='line_1_13' title="bbox 333 928 1047 970; baseline 0.003 -9"><span class='ocrx_word' id='word_1_66' title='bbox 333 929 446 970; x_wconf 79' lang='lat' dir='ltr'><strong>gregie</strong></span> <span class='ocrx_word' id='word_1_67' title='bbox 468 929 676 962; x_wconf 81' lang='lat' dir='ltr'><strong>condiscebat.</strong></span> <span class='ocrx_word' id='word_1_68' title='bbox 719 928 776 962; x_wconf 88' lang='lat' dir='ltr'><strong>Au</strong></span> <span class='ocrx_word' id='word_1_69' title='bbox 801 929 968 963; x_wconf 85' lang='lat' dir='ltr'><strong>habemus</strong></span> <span class='ocrx_word' id='word_1_70' title='bbox 994 935 1047 964; x_wconf 88' lang='lat' dir='ltr'><strong>to·</strong></span> 
     </span>
     <span class='ocr_line' id='line_1_14' title="bbox 334 980 1047 1022; baseline 0.004 -11"><span class='ocrx_word' id='word_1_71' title='bbox 334 983 406 1011; x_wconf 89' lang='lat' dir='ltr'><strong>tam</strong></span> <span class='ocrx_word' id='word_1_72' title='bbox 423 983 460 1012; x_wconf 86' lang='lat' dir='ltr'><strong>et</strong></span> <span class='ocrx_word' id='word_1_73' title='bbox 474 980 627 1022; x_wconf 87' lang='lat' dir='ltr'><strong>exempli</strong></span> <span class='ocrx_word' id='word_1_74' title='bbox 641 981 718 1012; x_wconf 92' lang='lat' dir='ltr'><strong>loco</strong></span> <span class='ocrx_word' id='word_1_75' title='bbox 741 980 1047 1014; x_wconf 79' lang='lat' dir='ltr'>commendandam</span> 
     </span>
     <span class='ocr_line' id='line_1_15' title="bbox 334 1029 1048 1075; baseline 0.003 -13"><span class='ocrx_word' id='word_1_76' title='bbox 334 1029 408 1071; x_wconf 86' lang='lat' dir='ltr'><strong>ejus</strong></span> <span class='ocrx_word' id='word_1_77' title='bbox 423 1030 673 1064; x_wconf 76' lang='lat' dir='ltr'>informationis</span> <span class='ocrx_word' id='word_1_78' title='bbox 686 1030 964 1073; x_wconf 81' lang='lat' dir='ltr'><strong>descriptionem,</strong></span> <span class='ocrx_word' id='word_1_79' title='bbox 979 1042 1048 1075; x_wconf 91' lang='lat' dir='ltr'><strong>qua</strong></span> 
     </span>
     <span class='ocr_line' id='line_1_16' title="bbox 336 1080 1048 1124; baseline 0.004 -12"><span class='ocrx_word' id='word_1_80' title='bbox 336 1080 475 1112; x_wconf 85' lang='lat' dir='ltr'><strong>summis</strong></span> <span class='ocrx_word' id='word_1_81' title='bbox 489 1080 707 1124; x_wconf 79' lang='lat' dir='ltr'><strong>publicisque</strong></span> <span class='ocrx_word' id='word_1_82' title='bbox 731 1081 836 1114; x_wconf 89' lang='lat' dir='ltr'><strong>rebus</strong></span> <span class='ocrx_word' id='word_1_83' title='bbox 855 1086 939 1114; x_wconf 87' lang='lat' dir='ltr'><strong>nata</strong></span> <span class='ocrx_word' id='word_1_84' title='bbox 952 1082 1048 1124; x_wconf 86' lang='lat' dir='ltr'><strong>inge-</strong></span> 
     </span>
     <span class='ocr_line' id='line_1_17' title="bbox 336 1130 1049 1176; baseline 0.004 -14"><span class='ocrx_word' id='word_1_85' title='bbox 336 1130 394 1162; x_wconf 87' lang='lat' dir='ltr'><strong>nia</strong></span> <span class='ocrx_word' id='word_1_86' title='bbox 407 1131 597 1173; x_wconf 71' lang='lat' dir='ltr'><strong>praeparari</strong></span> <span class='ocrx_word' id='word_1_87' title='bbox 608 1131 759 1164; x_wconf 87' lang='lat' dir='ltr'><strong>debent?</strong></span> <span class='ocrx_word' id='word_1_88' title='bbox 781 1131 1049 1176; x_wconf 86' lang='lat' dir='ltr'><strong>InDisciplinis,</strong></span> 
     </span>
     <span class='ocr_line' id='line_1_18' title="bbox 335 1180 1049 1225; baseline 0.006 -12"><span class='ocrx_word' id='word_1_89' title='bbox 335 1180 378 1213; x_wconf 77' lang='grc' dir='ltr'><strong>τὰ</strong></span> <span class='ocrx_word' id='word_1_90' title='bbox 397 1181 547 1214; x_wconf 74' lang='grc' dir='ltr'>πολιτικὰ</span> <span class='ocrx_word' id='word_1_91' title='bbox 559 1181 612 1214; x_wconf 80' lang='grc' dir='ltr'><strong>καὶ</strong></span> <span class='ocrx_word' id='word_1_92' title='bbox 624 1182 751 1225; x_wconf 76' lang='grc' dir='ltr'><strong><em>ἁρχικὰ,</em></strong></span> <span class='ocrx_word' id='word_1_93' title='bbox 770 1192 838 1216; x_wconf 89' lang='lat' dir='ltr'><strong>uuo</strong></span> <span class='ocrx_word' id='word_1_94' title='bbox 855 1184 959 1216; x_wconf 87' lang='lat' dir='ltr'><strong>verbo</strong></span> <span class='ocrx_word' id='word_1_95' title='bbox 975 1189 1049 1217; x_wconf 84' lang='lat' dir='ltr'><strong>stu-</strong></span> 
     </span>
     <span class='ocr_line' id='line_1_19' title="bbox 337 1233 1048 1279; baseline 0.006 -14"><span class='ocrx_word' id='word_1_96' title='bbox 337 1233 432 1266; x_wconf 87' lang='lat' dir='ltr'><strong>dium</strong></span> <span class='ocrx_word' id='word_1_97' title='bbox 457 1234 645 1276; x_wconf 82' lang='lat' dir='ltr'><strong>Politices;</strong></span> <span class='ocrx_word' id='word_1_98' title='bbox 665 1235 756 1279; x_wconf 86' lang='lat' dir='ltr'><strong>quod</strong></span> <span class='ocrx_word' id='word_1_99' title='bbox 779 1245 858 1268; x_wconf 91' lang='lat' dir='ltr'><strong>cum</strong></span> <span class='ocrx_word' id='word_1_100' title='bbox 883 1235 1048 1269; x_wconf 87' lang='lat' dir='ltr'><strong>latissime</strong></span> 
     </span>
     <span class='ocr_line' id='line_1_20' title="bbox 336 1287 1048 1331; baseline 0.007 -14"><span class='ocrx_word' id='word_1_101' title='bbox 336 1289 470 1328; x_wconf 91' lang='lat' dir='ltr'><strong>pateat,</strong></span> <span class='ocrx_word' id='word_1_102' title='bbox 503 1287 696 1329; x_wconf 89' lang='lat' dir='ltr'><strong>imperandi</strong></span> <span class='ocrx_word' id='word_1_103' title='bbox 730 1289 924 1331; x_wconf 78' lang='lat' dir='ltr'><strong>praesertim</strong></span> <span class='ocrx_word' id='word_1_104' title='bbox 954 1292 1048 1322; x_wconf 86' lang='lat' dir='ltr'><strong>artes</strong></span> 
     </span>
     <span class='ocr_line' id='line_1_21' title="bbox 335 1339 1048 1386; baseline 0.008 -15"><span class='ocrx_word' id='word_1_105' title='bbox 335 1339 393 1372; x_wconf 88' lang='lat' dir='ltr'><strong>hic</strong></span> <span class='ocrx_word' id='word_1_106' title='bbox 424 1341 694 1384; x_wconf 83' lang='lat' dir='ltr'><strong>complectitur:</strong></span> <span class='ocrx_word' id='word_1_107' title='bbox 732 1344 769 1376; x_wconf 87' lang='lat' dir='ltr'><strong>in</strong></span> <span class='ocrx_word' id='word_1_108' title='bbox 798 1343 952 1386; x_wconf 75' lang='lat' dir='ltr'><strong>Linguis,</strong></span> <span class='ocrx_word' id='word_1_109' title='bbox 978 1344 1048 1376; x_wconf 90' lang='lat' dir='ltr'><strong>elo-</strong></span> 
     </span>
     <span class='ocr_line' id='line_1_22' title="bbox 337 1390 1048 1438; baseline 0.007 -16"><span class='ocrx_word' id='word_1_110' title='bbox 337 1390 515 1432; x_wconf 83' lang='lat' dir='ltr'><strong>quentiam</strong></span> <span class='ocrx_word' id='word_1_111' title='bbox 540 1393 701 1426; x_wconf 72' lang='lat' dir='ltr'><strong>Graecam</strong></span> <span class='ocrx_word' id='word_1_112' title='bbox 724 1394 954 1438; x_wconf 73' lang='lat' dir='ltr'><strong>Latinumque</strong></span> <span class='ocrx_word' id='word_1_113' title='bbox 967 1405 978 1427; x_wconf 72' lang='grc' dir='ltr'>τ</span> <span class='ocrx_word' id='word_1_114' title='bbox 1011 1394 1048 1427; x_wconf 92' lang='lat' dir='ltr'><strong>iu</strong></span> 
     </span>
     <span class='ocr_line' id='line_1_23' title="bbox 336 1439 1048 1487; baseline 0.008 -15"><span class='ocrx_word' id='word_1_115' title='bbox 336 1439 667 1486; x_wconf 85' lang='lat' dir='ltr'><strong>Exercitatiouibus,</strong></span> <span class='ocrx_word' id='word_1_116' title='bbox 702 1454 790 1487; x_wconf 87' lang='lat' dir='ltr'><strong>opus</strong></span> <span class='ocrx_word' id='word_1_117' title='bbox 825 1445 978 1478; x_wconf 81' lang='lat' dir='ltr'><strong>militiae:</strong></span> <span class='ocrx_word' id='word_1_118' title='bbox 1013 1446 1048 1478; x_wconf 89' lang='lat' dir='ltr'><strong>in</strong></span> 
     </span>
     <span class='ocr_line' id='line_1_24' title="bbox 336 1491 1049 1540; baseline 0.01 -17"><span class='ocrx_word' id='word_1_119' title='bbox 336 1491 522 1534; x_wconf 86' lang='lat' dir='ltr'><strong>Apparatu</strong></span> <span class='ocrx_word' id='word_1_120' title='bbox 536 1494 778 1539; x_wconf 85' lang='lat' dir='ltr'><strong>subsidiisque,</strong></span> <span class='ocrx_word' id='word_1_121' title='bbox 802 1496 970 1540; x_wconf 89' lang='lat' dir='ltr'><strong>quidquid</strong></span> <span class='ocrx_word' id='word_1_122' title='bbox 990 1497 1049 1539; x_wconf 88' lang='lat' dir='ltr'><strong>ju·</strong></span> 
     </span>
     <span class='ocr_line' id='line_1_25' title="bbox 335 1543 1050 1595; baseline 0.008 -21"><span class='ocrx_word' id='word_1_123' title='bbox 335 1551 419 1575; x_wconf 86' lang='lat' dir='ltr'><strong>vare</strong></span> <span class='ocrx_word' id='word_1_124' title='bbox 435 1543 671 1587; x_wconf 83' lang='lat' dir='ltr'><strong>prudentiam,</strong></span> <span class='ocrx_word' id='word_1_125' title='bbox 690 1551 752 1579; x_wconf 89' lang='lat' dir='ltr'><strong>aut</strong></span> <span class='ocrx_word' id='word_1_126' title='bbox 774 1547 981 1595; x_wconf 84' lang='lat' dir='ltr'><strong>dignitatem</strong></span> <span class='ocrx_word' id='word_1_127' title='bbox 996 1558 1050 1581; x_wconf 84' lang='lat' dir='ltr'><strong>or-</strong></span> 
     </span>
     <span class='ocr_line' id='line_1_26' title="bbox 335 1595 1049 1642; baseline 0.01 -17"><span class='ocrx_word' id='word_1_128' title='bbox 335 1602 435 1635; x_wconf 88' lang='lat' dir='ltr'><strong>nare,</strong></span> <span class='ocrx_word' id='word_1_129' title='bbox 467 1595 524 1627; x_wconf 88' lang='lat' dir='ltr'><strong>vel</strong></span> <span class='ocrx_word' id='word_1_130' title='bbox 563 1597 806 1631; x_wconf 88' lang='lat' dir='ltr'><strong>commendare</strong></span> <span class='ocrx_word' id='word_1_131' title='bbox 838 1599 1049 1642; x_wconf 80' lang='lat' dir='ltr'><strong>elegantiam</strong></span> 
     </span>
     <span class='ocr_line' id='line_1_27' title="bbox 338 1644 1049 1691; baseline 0.01 -15"><span class='ocrx_word' id='word_1_132' title='bbox 338 1644 542 1688; x_wconf 86' lang='lat' dir='ltr'><strong>principalis</strong></span> <span class='ocrx_word' id='word_1_133' title='bbox 570 1645 700 1691; x_wconf 79' lang='lat' dir='ltr'><strong>fastigii</strong></span> <span class='ocrx_word' id='word_1_134' title='bbox 730 1653 861 1691; x_wconf 88' lang='lat' dir='ltr'><strong>potest.</strong></span> <span class='ocrx_word' id='word_1_135' title='bbox 904 1649 1049 1683; x_wconf 90' lang='lat' dir='ltr'><strong>Modum</strong></span> 
     </span>
     <span class='ocr_line' id='line_1_28' title="bbox 337 1698 1051 1742; baseline 0.011 -16"><span class='ocrx_word' id='word_1_136' title='bbox 337 1699 512 1737; x_wconf 84' lang='lat' dir='ltr'><strong>praeterea</strong></span> <span class='ocrx_word' id='word_1_137' title='bbox 543 1698 782 1742; x_wconf 84' lang='lat' dir='ltr'><strong>rationemque</strong></span> <span class='ocrx_word' id='word_1_138' title='bbox 811 1699 1051 1742; x_wconf 87' lang='lat' dir='ltr'><strong>institutionis,</strong></span> 
     </span>
     <span class='ocr_line' id='line_1_29' title="bbox 338 1748 1051 1795; baseline 0.011 -16"><span class='ocrx_word' id='word_1_139' title='bbox 338 1756 406 1781; x_wconf 91' lang='lat' dir='ltr'><strong>non</strong></span> <span class='ocrx_word' id='word_1_140' title='bbox 422 1748 466 1780; x_wconf 90' lang='lat' dir='ltr'><strong>ad</strong></span> <span class='ocrx_word' id='word_1_141' title='bbox 481 1749 634 1784; x_wconf 86' lang='lat' dir='ltr'><strong>scholam</strong></span> <span class='ocrx_word' id='word_1_142' title='bbox 659 1755 719 1784; x_wconf 88' lang='lat' dir='ltr'><strong>aut</strong></span> <span class='ocrx_word' id='word_1_143' title='bbox 746 1752 915 1795; x_wconf 86' lang='lat' dir='ltr'><strong>umbram,</strong></span> <span class='ocrx_word' id='word_1_144' title='bbox 929 1753 990 1786; x_wconf 82' lang='lat' dir='ltr'><strong>sed</strong></span> <span class='ocrx_word' id='word_1_145' title='bbox 1007 1753 1051 1786; x_wconf 87' lang='lat' dir='ltr'><strong>ad</strong></span> 
     </span>
     <span class='ocr_line' id='line_1_30' title="bbox 338 1800 1052 1847; baseline 0.008 -16"><span class='ocrx_word' id='word_1_146' title='bbox 338 1800 452 1832; x_wconf 87' lang='lat' dir='ltr'><strong>lucem</strong></span> <span class='ocrx_word' id='word_1_147' title='bbox 482 1805 520 1833; x_wconf 88' lang='lat' dir='ltr'><strong>et</strong></span> <span class='ocrx_word' id='word_1_148' title='bbox 548 1801 655 1844; x_wconf 82' lang='lat' dir='ltr'><strong>vitam</strong></span> <span class='ocrx_word' id='word_1_149' title='bbox 683 1802 858 1836; x_wconf 86' lang='lat' dir='ltr'><strong>tendentis</strong></span> <span class='ocrx_word' id='word_1_150' title='bbox 883 1804 1052 1847; x_wconf 86' lang='lat' dir='ltr'><strong>praeclare</strong></span> 
     </span>
     <span class='ocr_line' id='line_1_31' title="bbox 339 1850 1055 1898; baseline 0.008 -16"><span class='ocrx_word' id='word_1_151' title='bbox 339 1850 496 1885; x_wconf 87' lang='lat' dir='ltr'><strong>iudicant</strong></span> <span class='ocrx_word' id='word_1_152' title='bbox 509 1852 586 1886; x_wconf 84' lang='lat' dir='ltr'><strong>illa:</strong></span> <span class='ocrx_word' id='word_1_153' title='bbox 608 1851 648 1885; x_wconf 74' lang='grc' dir='ltr'><strong>τὸ</strong></span> <span class='ocrx_word' id='word_1_154' title='bbox 661 1852 804 1896; x_wconf 74' lang='grc' dir='ltr'><strong><em>ἂκριβῶς,</em></strong></span> <span class='ocrx_word' id='word_1_155' title='bbox 815 1853 854 1887; x_wconf 70' lang='grc' dir='ltr'><strong>τὸ</strong></span> <span class='ocrx_word' id='word_1_156' title='bbox 869 1854 1055 1898; x_wconf 66' lang='grc' dir='ltr'><strong><em>ἐρρωμένως,</em></strong></span> 
     </span>
     <span class='ocr_line' id='line_1_32' title="bbox 338 1901 1054 1950; baseline 0.01 -17"><span class='ocrx_word' id='word_1_157' title='bbox 338 1901 377 1934; x_wconf 74' lang='grc' dir='ltr'><strong>τὸ</strong></span> <span class='ocrx_word' id='word_1_158' title='bbox 392 1901 537 1946; x_wconf 77' lang='grc' dir='ltr'><strong><em>ἰσχυρῶς,</em></strong></span> <span class='ocrx_word' id='word_1_159' title='bbox 548 1904 672 1948; x_wconf 86' lang='lat' dir='ltr'><strong>quibus</strong></span> <span class='ocrx_word' id='word_1_160' title='bbox 687 1910 725 1939; x_wconf 89' lang='lat' dir='ltr'><strong>et</strong></span> <span class='ocrx_word' id='word_1_161' title='bbox 743 1904 852 1949; x_wconf 73' lang='lat' dir='ltr'><strong>solide,</strong></span> <span class='ocrx_word' id='word_1_162' title='bbox 866 1910 903 1940; x_wconf 85' lang='lat' dir='ltr'><strong>et</strong></span> <span class='ocrx_word' id='word_1_163' title='bbox 916 1910 1054 1950; x_wconf 75' lang='lat' dir='ltr'><strong>strenue,</strong></span> 
     </span>
     <span class='ocr_line' id='line_1_33' title="bbox 340 1954 1053 2001; baseline 0.008 -15"><span class='ocrx_word' id='word_1_164' title='bbox 340 1958 378 1986; x_wconf 87' lang='lat' dir='ltr'><strong>et</strong></span> <span class='ocrx_word' id='word_1_165' title='bbox 392 1954 560 1997; x_wconf 62' lang='lat' dir='ltr'><strong>efficaciter</strong></span> <span class='ocrx_word' id='word_1_166' title='bbox 585 1956 660 1998; x_wconf 87' lang='lat' dir='ltr'><strong>geri</strong></span> <span class='ocrx_word' id='word_1_167' title='bbox 676 1957 712 1989; x_wconf 91' lang='lat' dir='ltr'><strong>iu</strong></span> <span class='ocrx_word' id='word_1_168' title='bbox 737 1956 803 1991; x_wconf 87' lang='lat' dir='ltr'><strong>hoc</strong></span> <span class='ocrx_word' id='word_1_169' title='bbox 824 1957 966 2001; x_wconf 87' lang='lat' dir='ltr'><strong>negotio</strong></span> <span class='ocrx_word' id='word_1_170' title='bbox 982 1969 1053 1992; x_wconf 89' lang='lat' dir='ltr'><strong>om-</strong></span> 
     </span>
     <span class='ocr_line' id='line_1_34' title="bbox 339 2004 1052 2053; baseline 0.008 -16"><span class='ocrx_word' id='word_1_171' title='bbox 339 2004 398 2038; x_wconf 83' lang='lat' dir='ltr'><strong>nia</strong></span> <span class='ocrx_word' id='word_1_172' title='bbox 421 2005 563 2047; x_wconf 80' lang='lat' dir='ltr'><strong>debere,</strong></span> <span class='ocrx_word' id='word_1_173' title='bbox 586 2007 800 2048; x_wconf 83' lang='lat' dir='ltr'><strong>ostenditur.</strong></span> <span class='ocrx_word' id='word_1_174' title='bbox 855 2008 945 2042; x_wconf 83' lang='lat' dir='ltr'><strong>Vide</strong></span> <span class='ocrx_word' id='word_1_175' title='bbox 975 2019 1052 2053; x_wconf 79' lang='lat' dir='ltr'><strong>quae</strong></span> 
     </span>
     <span class='ocr_line' id='line_1_35' title="bbox 340 2056 1053 2099; baseline 0.007 -11"><span class='ocrx_word' id='word_1_176' title='bbox 340 2056 478 2099; x_wconf 85' lang='lat' dir='ltr'><strong>Lipsius</strong></span> <span class='ocrx_word' id='word_1_177' title='bbox 490 2056 652 2091; x_wconf 82' lang='lat' dir='ltr'><strong>disseruit</strong></span> <span class='ocrx_word' id='word_1_178' title='bbox 671 2058 715 2091; x_wconf 86' lang='lat' dir='ltr'><strong>ad</strong></span> <span class='ocrx_word' id='word_1_179' title='bbox 737 2057 798 2092; x_wconf 89' lang='lat' dir='ltr'><strong>lib.</strong></span> <span class='ocrx_word' id='word_1_180' title='bbox 814 2068 839 2091; x_wconf 88' lang='lat'><strong>1.</strong></span> <span class='ocrx_word' id='word_1_181' title='bbox 853 2059 960 2093; x_wconf 88' lang='lat' dir='ltr'><strong>Polit.</strong></span> <span class='ocrx_word' id='word_1_182' title='bbox 976 2070 1053 2094; x_wconf 89' lang='lat' dir='ltr'><strong>suo-</strong></span> 
     </span>
     <span class='ocr_line' id='line_1_36' title="bbox 341 2109 1053 2152; baseline 0.007 -13"><span class='ocrx_word' id='word_1_183' title='bbox 341 2116 430 2148; x_wconf 85' lang='lat' dir='ltr'><strong>rum,</strong></span> <span class='ocrx_word' id='word_1_184' title='bbox 456 2117 536 2151; x_wconf 88' lang='lat' dir='ltr'><strong>cap.</strong></span> <span class='ocrx_word' id='word_1_185' title='bbox 565 2111 619 2142; x_wconf 87' lang='grc'><strong>10.</strong></span> <span class='ocrx_word' id='word_1_186' title='bbox 662 2109 851 2152; x_wconf 82' lang='lat' dir='ltr'><strong>Tetigimus</strong></span> <span class='ocrx_word' id='word_1_187' title='bbox 880 2110 987 2144; x_wconf 87' lang='lat' dir='ltr'><strong>etiam</strong></span> <span class='ocrx_word' id='word_1_188' title='bbox 1016 2112 1053 2144; x_wconf 90' lang='lat' dir='ltr'><strong>id</strong></span> 
     </span>
     <span class='ocr_line' id='line_1_37' title="bbox 340 2159 1054 2206; baseline 0.01 -16"><span class='ocrx_word' id='word_1_189' title='bbox 340 2165 577 2200; x_wconf 82' lang='lat' dir='ltr'><strong>argumentum</strong></span> <span class='ocrx_word' id='word_1_190' title='bbox 602 2159 638 2192; x_wconf 90' lang='lat' dir='ltr'><strong>iu</strong></span> <span class='ocrx_word' id='word_1_191' title='bbox 664 2166 848 2196; x_wconf 86' lang='lat' dir='ltr'><strong>comment.</strong></span> <span class='ocrx_word' id='word_1_192' title='bbox 871 2162 1002 2206; x_wconf 86' lang='lat' dir='ltr'><strong>Nepot.</strong></span> <span class='ocrx_word' id='word_1_193' title='bbox 1019 2172 1054 2206; x_wconf 84' lang='lat' dir='ltr'><strong>p.</strong></span> 
     </span>
     <span class='ocr_line' id='line_1_38' title="bbox 339 2209 612 2243; baseline 0.007 -2"><span class='ocrx_word' id='word_1_194' title='bbox 339 2211 395 2241; x_wconf 76' lang='lat'><strong>43.</strong></span> <span class='ocrx_word' id='word_1_195' title='bbox 428 2209 612 2243; x_wconf 77' lang='lat' dir='ltr'><strong>Boeclerus.</strong></span> 
     </span>
    </p>

    <p class='ocr_par' dir='ltr' id='par_1_3' title="bbox 341 2260 1056 2820">
     <span class='ocr_line' id='line_1_39' title="bbox 386 2260 1054 2308; baseline 0.006 -15"><span class='ocrx_word' id='word_1_196' title='bbox 386 2260 442 2293; x_wconf 81' lang='lat' dir='ltr'><strong>De</strong></span> <span class='ocrx_word' id='word_1_197' title='bbox 455 2263 539 2296; x_wconf 82' lang='lat' dir='ltr'><strong>caede</strong></span> <span class='ocrx_word' id='word_1_198' title='bbox 555 2263 716 2307; x_wconf 77' lang='lat' dir='ltr'><strong>avunculi]</strong></span> <span class='ocrx_word' id='word_1_199' title='bbox 746 2263 881 2306; x_wconf 82' lang='lat' dir='ltr'><strong>Monui,</strong></span> <span class='ocrx_word' id='word_1_200' title='bbox 894 2263 1054 2308; x_wconf 88' lang='lat' dir='ltr'><strong>frequen-</strong></span> 
     </span>
     <span class='ocr_line' id='line_1_40' title="bbox 343 2312 1052 2357; baseline 0.004 -13"><span class='ocrx_word' id='word_1_201' title='bbox 343 2314 399 2344; x_wconf 86' lang='lat' dir='ltr'><strong>ter</strong></span> <span class='ocrx_word' id='word_1_202' title='bbox 421 2312 667 2353; x_wconf 82' lang='lat' dir='ltr'><strong>cognationum</strong></span> <span class='ocrx_word' id='word_1_203' title='bbox 691 2313 817 2357; x_wconf 84' lang='lat' dir='ltr'><strong>gradus</strong></span> <span class='ocrx_word' id='word_1_204' title='bbox 837 2314 1052 2348; x_wconf 87' lang='lat' dir='ltr'><strong>confundere</strong></span> 
     </span>
     <span class='ocr_line' id='line_1_41' title="bbox 343 2361 1054 2405; baseline 0.008 -12"><span class='ocrx_word' id='word_1_205' title='bbox 343 2361 552 2405; x_wconf 79' lang='lat' dir='ltr'><strong>scriptores:</strong></span> <span class='ocrx_word' id='word_1_206' title='bbox 575 2367 628 2405; x_wconf 86' lang='lat' dir='ltr'><strong>ut,</strong></span> <span class='ocrx_word' id='word_1_207' title='bbox 651 2364 891 2399; x_wconf 88' lang='lat' dir='ltr'><strong>consobrinum</strong></span> <span class='ocrx_word' id='word_1_208' title='bbox 907 2375 985 2398; x_wconf 89' lang='lat' dir='ltr'><strong>cum</strong></span> <span class='ocrx_word' id='word_1_209' title='bbox 1002 2376 1054 2398; x_wconf 89' lang='lat' dir='ltr'><strong>so-</strong></span> 
     </span>
     <span class='ocr_line' id='line_1_42' title="bbox 341 2411 1053 2455; baseline 0.007 -11"><span class='ocrx_word' id='word_1_210' title='bbox 341 2411 454 2455; x_wconf 88' lang='lat' dir='ltr'><strong>brino,</strong></span> <span class='ocrx_word' id='word_1_211' title='bbox 468 2413 536 2455; x_wconf 82' lang='lat' dir='ltr'><strong>hic,</strong></span> <span class='ocrx_word' id='word_1_212' title='bbox 551 2415 756 2448; x_wconf 83' lang='lat' dir='ltr'><strong>avunculum</strong></span> <span class='ocrx_word' id='word_1_213' title='bbox 783 2425 861 2449; x_wconf 91' lang='lat' dir='ltr'><strong>cum</strong></span> <span class='ocrx_word' id='word_1_214' title='bbox 883 2417 1053 2449; x_wconf 86' lang='lat' dir='ltr'><strong>avunculo</strong></span> 
     </span>
     <span class='ocr_line' id='line_1_43' title="bbox 342 2459 1053 2509; baseline 0.006 -13"><span class='ocrx_word' id='word_1_215' title='bbox 342 2473 480 2506; x_wconf 81' lang='lat' dir='ltr'><strong>magno.</strong></span> <span class='ocrx_word' id='word_1_216' title='bbox 505 2464 632 2509; x_wconf 83' lang='lat' dir='ltr'><strong>Itaque</strong></span> <span class='ocrx_word' id='word_1_217' title='bbox 654 2459 751 2499; x_wconf 82' lang='lat' dir='ltr'><strong>Suet.</strong></span> <span class='ocrx_word' id='word_1_218' title='bbox 773 2476 803 2499; x_wconf 85' lang='lat' dir='ltr'><strong>c.</strong></span> <span class='ocrx_word' id='word_1_219' title='bbox 819 2470 851 2501; x_wconf 86' lang='grc'><strong>8.</strong></span> <span class='ocrx_word' id='word_1_220' title='bbox 881 2468 892 2487; x_wconf 91' lang='lat'><em>‘</em></span> <span class='ocrx_word' id='word_1_221' title='bbox 910 2466 1053 2500; x_wconf 83' lang='lat' dir='ltr'><strong>Profec-</strong></span> 
     </span>
     <span class='ocr_line' id='line_1_44' title="bbox 342 2517 1054 2561; baseline 0.007 -15"><span class='ocrx_word' id='word_1_222' title='bbox 342 2517 415 2547; x_wconf 86' lang='lat' dir='ltr'><strong>tum</strong></span> <span class='ocrx_word' id='word_1_223' title='bbox 431 2525 510 2548; x_wconf 84' lang='lat' dir='ltr'><strong>mox</strong></span> <span class='ocrx_word' id='word_1_224' title='bbox 526 2517 734 2550; x_wconf 83' lang='lat' dir='ltr'><strong>avunculum</strong></span> <span class='ocrx_word' id='word_1_225' title='bbox 743 2517 781 2550; x_wconf 78' lang='lat' dir='ltr'><strong>in</strong></span> <span class='ocrx_word' id='word_1_226' title='bbox 795 2517 981 2561; x_wconf 81' lang='lat' dir='ltr'><strong>Hispanias</strong></span> <span class='ocrx_word' id='word_1_227' title='bbox 997 2518 1054 2551; x_wconf 88' lang='lat' dir='ltr'><strong>ad·</strong></span> 
     </span>
     <span class='ocr_line' id='line_1_45' title="bbox 342 2568 1053 2612; baseline 0.006 -13"><span class='ocrx_word' id='word_1_228' title='bbox 342 2577 463 2600; x_wconf 87' lang='lat' dir='ltr'><strong>versus</strong></span> <span class='ocrx_word' id='word_1_229' title='bbox 479 2568 542 2602; x_wconf 87' lang='lat' dir='ltr'><strong>Cn.</strong></span> <span class='ocrx_word' id='word_1_230' title='bbox 555 2568 718 2612; x_wconf 86' lang='lat' dir='ltr'><strong>Pompeii</strong></span> <span class='ocrx_word' id='word_1_231' title='bbox 727 2569 884 2611; x_wconf 88' lang='lat' dir='ltr'><strong>liberos:’</strong></span> <span class='ocrx_word' id='word_1_232' title='bbox 901 2574 939 2604; x_wconf 92' lang='lat' dir='ltr'><strong>et</strong></span> <span class='ocrx_word' id='word_1_233' title='bbox 953 2580 984 2603; x_wconf 91' lang='lat' dir='ltr'><strong>c.</strong></span> <span class='ocrx_word' id='word_1_234' title='bbox 1002 2573 1053 2603; x_wconf 89' lang='grc'><strong>10.</strong></span> 
     </span>
     <span class='ocr_line' id='line_1_46' title="bbox 342 2618 1054 2665; baseline 0.003 -12"><span class='ocrx_word' id='word_1_235' title='bbox 342 2618 352 2637; x_wconf 81' lang='lat'><strong>⁴</strong></span> <span class='ocrx_word' id='word_1_236' title='bbox 377 2619 474 2653; x_wconf 86' lang='lat' dir='ltr'><strong>Nihil</strong></span> <span class='ocrx_word' id='word_1_237' title='bbox 499 2621 760 2662; x_wconf 81' lang='lat' dir='ltr'><strong>convenientius</strong></span> <span class='ocrx_word' id='word_1_238' title='bbox 791 2621 921 2655; x_wconf 88' lang='lat' dir='ltr'><strong>ducens</strong></span> <span class='ocrx_word' id='word_1_239' title='bbox 951 2632 1054 2665; x_wconf 87' lang='lat' dir='ltr'><strong>quam</strong></span> 
     </span>
     <span class='ocr_line' id='line_1_47' title="bbox 342 2671 1056 2715; baseline 0.004 -13"><span class='ocrx_word' id='word_1_240' title='bbox 342 2678 463 2703; x_wconf 87' lang='lat' dir='ltr'><strong>necem</strong></span> <span class='ocrx_word' id='word_1_241' title='bbox 485 2672 646 2706; x_wconf 83' lang='lat' dir='ltr'><strong>avunculi</strong></span> <span class='ocrx_word' id='word_1_242' title='bbox 659 2671 858 2706; x_wconf 69' lang='lat' dir='ltr'><strong>vindicare:</strong></span> <span class='ocrx_word' id='word_1_243' title='bbox 892 2672 1056 2715; x_wconf 83' lang='lat' dir='ltr'><strong>Epitoma</strong></span> 
     </span>
     <span class='ocr_line' id='line_1_48' title="bbox 345 2720 1055 2757; baseline 0.007 -5"><span class='ocrx_word' id='word_1_244' title='bbox 345 2720 455 2753; x_wconf 83' lang='lat' dir='ltr'><strong>Livii:</strong></span> <span class='ocrx_word' id='word_1_245' title='bbox 493 2722 559 2756; x_wconf 84' lang='lat' dir='ltr'><strong>‘ut</strong></span> <span class='ocrx_word' id='word_1_246' title='bbox 586 2723 652 2757; x_wconf 87' lang='lat' dir='ltr'><strong>sibi</strong></span> <span class='ocrx_word' id='word_1_247' title='bbox 681 2720 864 2756; x_wconf 87' lang='lat' dir='ltr'><strong>adversum</strong></span> <span class='ocrx_word' id='word_1_248' title='bbox 893 2724 1055 2757; x_wconf 82' lang='lat' dir='ltr'><strong>avunculi</strong></span> 
     </span>
     <span class='ocr_line' id='line_1_49' title="bbox 345 2774 905 2820; baseline 0.009 -17"><span class='ocrx_word' id='word_1_249' title='bbox 345 2780 564 2820; x_wconf 78' lang='lat' dir='ltr'><strong>percussores</strong></span> <span class='ocrx_word' id='word_1_250' title='bbox 579 2774 740 2808; x_wconf 67' lang='lat' dir='ltr'><strong>adesset!</strong></span> <span class='ocrx_word' id='word_1_251' title='bbox 768 2774 905 2816; x_wconf 80' lang='lat' dir='ltr'><strong>Schegk.</strong></span> 
     </span>
    </p>

    <p class='ocr_par' dir='ltr' id='par_1_4' title="bbox 346 2820 1054 2919">
     <span class='ocr_line' id='line_1_50' title="bbox 388 2820 1054 2870; baseline 0.008 -16"><span class='ocrx_word' id='word_1_252' title='bbox 388 2820 602 2866; x_wconf 74' lang='lat' dir='ltr'><strong>Salvidienus]</strong></span> <span class='ocrx_word' id='word_1_253' title='bbox 634 2824 692 2858; x_wconf 85' lang='lat' dir='ltr'><strong>Ita</strong></span> <span class='ocrx_word' id='word_1_254' title='bbox 716 2825 827 2859; x_wconf 86' lang='lat' dir='ltr'><strong>Rhen.</strong></span> <span class='ocrx_word' id='word_1_255' title='bbox 852 2825 989 2870; x_wconf 83' lang='lat' dir='ltr'><strong>Grypb.</strong></span> <span class='ocrx_word' id='word_1_256' title='bbox 1016 2829 1054 2859; x_wconf 89' lang='lat' dir='ltr'><strong>et</strong></span> 
     </span>
     <span class='ocr_line' id='line_1_51' title="bbox 346 2871 1053 2919; baseline 0.006 -14"><span class='ocrx_word' id='word_1_257' title='bbox 346 2871 487 2907; x_wconf 78' lang='lat' dir='ltr'><strong>sueton.</strong></span> <span class='ocrx_word' id='word_1_258' title='bbox 516 2873 604 2916; x_wconf 81' lang='lat' dir='ltr'><strong>Aug.</strong></span> <span class='ocrx_word' id='word_1_259' title='bbox 632 2875 721 2909; x_wconf 84' lang='lat' dir='ltr'><strong>Livii</strong></span> <span class='ocrx_word' id='word_1_260' title='bbox 753 2876 905 2919; x_wconf 88' lang='lat' dir='ltr'><strong>Epitom.</strong></span> <span class='ocrx_word' id='word_1_261' title='bbox 950 2876 1053 2912; x_wconf 84' lang='lat' dir='ltr'><strong>Quod</strong></span> 
     </span>
    </p>
   </div>
   <div class='ocr_carea' id='block_1_3' title="bbox 645 275 1496 311">
    <p class='ocr_par' dir='ltr' id='par_1_5' title="bbox 645 275 1496 311">
     <span class='ocr_line' id='line_1_52' title="bbox 645 275 1496 311; baseline 0.005 -4"><span class='ocrx_word' id='word_1_262' title='bbox 645 276 788 308; x_wconf 80' lang='lat' dir='ltr'>NOTAE</span> <span class='ocrx_word' id='word_1_263' title='bbox 820 275 1090 308; x_wconf 74' lang='lat' dir='ltr'><strong>VARmRUM</strong></span> <span class='ocrx_word' id='word_1_264' title='bbox 1124 276 1175 308; x_wconf 80' lang='grc' dir='ltr'><strong>ΙΝ</strong></span> <span class='ocrx_word' id='word_1_265' title='bbox 1211 277 1496 311; x_wconf 75' lang='grc' dir='ltr'>ΡΑΤΕΒΟῙΠᾸ</span> 
     </span>
    </p>
   </div>
   <div class='ocr_carea' id='block_1_4' title="bbox 1095 372 1816 2918">
    <p class='ocr_par' dir='ltr' id='par_1_6' title="bbox 1095 372 1816 1427">
     <span class='ocr_line' id='line_1_53' title="bbox 1096 372 1806 420; baseline 0.01 -15"><span class='ocrx_word' id='word_1_266' title='bbox 1096 372 1269 416; x_wconf 83' lang='lat' dir='ltr'><strong>Schegkio</strong></span> <span class='ocrx_word' id='word_1_267' title='bbox 1285 375 1414 418; x_wconf 84' lang='lat' dir='ltr'><strong>placet,</strong></span> <span class='ocrx_word' id='word_1_268' title='bbox 1439 385 1512 419; x_wconf 67' lang='lat' dir='ltr'><strong>prae</strong></span> <span class='ocrx_word' id='word_1_269' title='bbox 1536 372 1595 409; x_wconf 73' lang='lat' dir='ltr'><strong>illc</strong></span> <span class='ocrx_word' id='word_1_270' title='bbox 1609 374 1806 420; x_wconf 62' lang='lat' dir='ltr'><strong>&amp;bide-si,</strong></span> 
     </span>
     <span class='ocr_line' id='line_1_54' title="bbox 1098 425 1807 468; baseline 0.008 -11"><span class='ocrx_word' id='word_1_271' title='bbox 1098 425 1190 468; x_wconf 85' lang='lat' dir='ltr'><strong>quod</strong></span> <span class='ocrx_word' id='word_1_272' title='bbox 1214 431 1267 459; x_wconf 87' lang='lat' dir='ltr'><strong>est</strong></span> <span class='ocrx_word' id='word_1_273' title='bbox 1289 426 1323 459; x_wconf 90' lang='lat' dir='ltr'><strong>in</strong></span> <span class='ocrx_word' id='word_1_274' title='bbox 1339 427 1422 460; x_wconf 85' lang='lat' dir='ltr'><strong>Aldi</strong></span> <span class='ocrx_word' id='word_1_275' title='bbox 1445 428 1609 462; x_wconf 85' lang='lat' dir='ltr'><strong>editione.</strong></span> <span class='ocrx_word' id='word_1_276' title='bbox 1650 428 1807 463; x_wconf 72' lang='lat' dir='ltr'><strong>Salvidie-</strong></span> 
     </span>
     <span class='ocr_line' id='line_1_55' title="bbox 1095 475 1808 522; baseline 0.007 -14"><span class='ocrx_word' id='word_1_277' title='bbox 1095 475 1170 517; x_wconf 79' lang='lat' dir='ltr'><strong>nus]</strong></span> <span class='ocrx_word' id='word_1_278' title='bbox 1198 476 1354 519; x_wconf 81' lang='lat' dir='ltr'><strong>[Placuit</strong></span> <span class='ocrx_word' id='word_1_279' title='bbox 1375 478 1448 512; x_wconf 75' lang='lat' dir='ltr'><strong>hoec</strong></span> <span class='ocrx_word' id='word_1_280' title='bbox 1473 478 1631 513; x_wconf 86' lang='lat' dir='ltr'><strong>vocabuli</strong></span> <span class='ocrx_word' id='word_1_281' title='bbox 1654 479 1808 522; x_wconf 83' lang='lat' dir='ltr'><strong>scriptio,</strong></span> 
     </span>
     <span class='ocr_line' id='line_1_56' title="bbox 1098 526 1806 574; baseline 0.006 -15"><span class='ocrx_word' id='word_1_282' title='bbox 1098 526 1180 569; x_wconf 83' lang='lat' dir='ltr'><strong>qnia</strong></span> <span class='ocrx_word' id='word_1_283' title='bbox 1193 532 1230 560; x_wconf 90' lang='lat' dir='ltr'><strong>et</strong></span> <span class='ocrx_word' id='word_1_284' title='bbox 1243 527 1374 571; x_wconf 80' lang='lat' dir='ltr'><strong>antiqui</strong></span> <span class='ocrx_word' id='word_1_285' title='bbox 1389 529 1439 561; x_wconf 81' lang='lat' dir='ltr'><strong>ita</strong></span> <span class='ocrx_word' id='word_1_286' title='bbox 1453 530 1644 572; x_wconf 89' lang='lat' dir='ltr'><strong>nominant,</strong></span> <span class='ocrx_word' id='word_1_287' title='bbox 1660 539 1733 574; x_wconf 68' lang='lat' dir='ltr'><strong>pre</strong></span> <span class='ocrx_word' id='word_1_288' title='bbox 1747 530 1806 563; x_wconf 86' lang='lat' dir='ltr'><strong>illo</strong></span> 
     </span>
     <span class='ocr_line' id='line_1_57' title="bbox 1096 577 1809 623; baseline 0.004 -12"><span class='ocrx_word' id='word_1_289' title='bbox 1096 577 1259 621; x_wconf 69' lang='lat' dir='ltr'><strong>Manum,</strong></span> <span class='ocrx_word' id='word_1_290' title='bbox 1272 579 1484 623; x_wconf 54' lang='lat' dir='ltr'><strong>Salvidenum</strong></span> <span class='ocrx_word' id='word_1_291' title='bbox 1495 581 1607 615; x_wconf 85' lang='lat' dir='ltr'><strong>Credo</strong></span> <span class='ocrx_word' id='word_1_292' title='bbox 1616 581 1719 615; x_wconf 82' lang='lat' dir='ltr'><strong>istum</strong></span> <span class='ocrx_word' id='word_1_293' title='bbox 1731 589 1809 614; x_wconf 81' lang='lat' dir='ltr'><strong>esse</strong></span> 
     </span>
     <span class='ocr_line' id='line_1_58' title="bbox 1097 629 1807 676; baseline 0.006 -15"><span class='ocrx_word' id='word_1_294' title='bbox 1097 629 1153 662; x_wconf 82' lang='lat' dir='ltr'><strong>cni</strong></span> <span class='ocrx_word' id='word_1_295' title='bbox 1165 639 1302 673; x_wconf 79' lang='lat' dir='ltr'><strong>gregem</strong></span> <span class='ocrx_word' id='word_1_296' title='bbox 1325 633 1484 675; x_wconf 84' lang='lat' dir='ltr'><strong>pascenti</strong></span> <span class='ocrx_word' id='word_1_297' title='bbox 1505 631 1676 666; x_wconf 79' lang='lat' dir='ltr'><strong>flammae</strong></span> <span class='ocrx_word' id='word_1_298' title='bbox 1689 632 1807 676; x_wconf 80' lang='lat' dir='ltr'><strong>capite</strong></span> 
     </span>
     <span class='ocr_line' id='line_1_59' title="bbox 1098 680 1808 726; baseline 0.006 -14"><span class='ocrx_word' id='word_1_299' title='bbox 1098 680 1252 723; x_wconf 88' lang='lat' dir='ltr'><strong>emicuit,</strong></span> <span class='ocrx_word' id='word_1_300' title='bbox 1269 686 1307 715; x_wconf 91' lang='lat' dir='ltr'><strong>et</strong></span> <span class='ocrx_word' id='word_1_301' title='bbox 1321 692 1423 726; x_wconf 88' lang='lat' dir='ltr'><strong>quem</strong></span> <span class='ocrx_word' id='word_1_302' title='bbox 1438 683 1623 716; x_wconf 72' lang='lat' dir='ltr'><strong>consulatu</strong></span> <span class='ocrx_word' id='word_1_303' title='bbox 1643 682 1808 721; x_wconf 64' lang='lat' dir='ltr'><strong>honesta-</strong></span> 
     </span>
     <span class='ocr_line' id='line_1_60' title="bbox 1098 729 1807 778; baseline 0.006 -15"><span class='ocrx_word' id='word_1_304' title='bbox 1098 730 1149 763; x_wconf 86' lang='lat' dir='ltr'><strong>vit</strong></span> <span class='ocrx_word' id='word_1_305' title='bbox 1165 729 1355 773; x_wconf 82' lang='lat' dir='ltr'><strong>Augustus‚</strong></span> <span class='ocrx_word' id='word_1_306' title='bbox 1371 732 1554 766; x_wconf 79' lang='lat' dir='ltr'><strong>Suetonius</strong></span> <span class='ocrx_word' id='word_1_307' title='bbox 1578 743 1610 767; x_wconf 92' lang='lat' dir='ltr'><strong>c.</strong></span> <span class='ocrx_word' id='word_1_308' title='bbox 1631 735 1690 766; x_wconf 68' lang='grc'><strong>66.</strong></span> <span class='ocrx_word' id='word_1_309' title='bbox 1715 775 1717 778; x_wconf 24' lang='lat'><strong><em>¹</em></strong></span> <span class='ocrx_word' id='word_1_310' title='bbox 1735 733 1807 766; x_wconf 87' lang='lat' dir='ltr'><strong>Dio</strong></span> 
     </span>
     <span class='ocr_line' id='line_1_61' title="bbox 1097 779 1808 827; baseline 0.004 -12"><span class='ocrx_word' id='word_1_311' title='bbox 1097 782 1159 815; x_wconf 87' lang='lat' dir='ltr'><strong>lib.</strong></span> <span class='ocrx_word' id='word_1_312' title='bbox 1175 791 1306 817; x_wconf 69' lang='lat' dir='ltr'><strong>xnvm.</strong></span> <span class='ocrx_word' id='word_1_313' title='bbox 1331 783 1469 826; x_wconf 79' lang='lat' dir='ltr'><strong>Schegk.</strong></span> <span class='ocrx_word' id='word_1_314' title='bbox 1512 779 1730 827; x_wconf 70' lang='lat' dir='ltr'><strong>Salvidienus]</strong></span> <span class='ocrx_word' id='word_1_315' title='bbox 1750 784 1808 818; x_wconf 85' lang='lat' dir='ltr'><strong>Ita</strong></span> 
     </span>
     <span class='ocr_line' id='line_1_62' title="bbox 1098 833 1809 878; baseline 0.003 -12"><span class='ocrx_word' id='word_1_316' title='bbox 1098 833 1296 876; x_wconf 80' lang='lat' dir='ltr'><strong>legendum,</strong></span> <span class='ocrx_word' id='word_1_317' title='bbox 1321 844 1388 867; x_wconf 88' lang='lat' dir='ltr'><strong>non</strong></span> <span class='ocrx_word' id='word_1_318' title='bbox 1412 835 1609 878; x_wconf 71' lang='lat' dir='ltr'><strong>Salvidenus,</strong></span> <span class='ocrx_word' id='word_1_319' title='bbox 1630 834 1809 868; x_wconf 76' lang='lat' dir='ltr'><strong>ut‘edide·</strong></span> 
     </span>
     <span class='ocr_line' id='line_1_63' title="bbox 1098 883 1808 919; baseline 0.003 -3"><span class='ocrx_word' id='word_1_320' title='bbox 1098 888 1154 916; x_wconf 88' lang='lat' dir='ltr'><strong>rat</strong></span> <span class='ocrx_word' id='word_1_321' title='bbox 1169 883 1293 917; x_wconf 88' lang='lat' dir='ltr'><strong>Aldus.</strong></span> <span class='ocrx_word' id='word_1_322' title='bbox 1336 884 1428 918; x_wconf 87' lang='lat' dir='ltr'><strong>Vide</strong></span> <span class='ocrx_word' id='word_1_323' title='bbox 1453 883 1715 919; x_wconf 72' lang='lat' dir='ltr'><strong>Suetonium&#39;in</strong></span> <span class='ocrx_word' id='word_1_324' title='bbox 1736 885 1808 918; x_wconf 85' lang='lat' dir='ltr'><strong>Au-</strong></span> 
     </span>
     <span class='ocr_line' id='line_1_64' title="bbox 1099 934 1809 979; baseline 0.003 -13"><span class='ocrx_word' id='word_1_325' title='bbox 1099 939 1212 977; x_wconf 84' lang='lat' dir='ltr'><strong>gusto,</strong></span> <span class='ocrx_word' id='word_1_326' title='bbox 1226 934 1373 968; x_wconf 88' lang='lat' dir='ltr'><strong>Dionem</strong></span> <span class='ocrx_word' id='word_1_327' title='bbox 1387 935 1448 968; x_wconf 89' lang='lat' dir='ltr'><strong>lib.</strong></span> <span class='ocrx_word' id='word_1_328' title='bbox 1464 943 1596 970; x_wconf 76' lang='lat' dir='ltr'><strong>xnvm.</strong></span> <span class='ocrx_word' id='word_1_329' title='bbox 1623 936 1809 979; x_wconf 86' lang='lat' dir='ltr'><strong>Epitomen</strong></span> 
     </span>
     <span class='ocr_line' id='line_1_65' title="bbox 1100 985 1808 1031; baseline 0.004 -14"><span class='ocrx_word' id='word_1_330' title='bbox 1100 985 1203 1026; x_wconf 85' lang='lat' dir='ltr'><strong>Livii,</strong></span> <span class='ocrx_word' id='word_1_331' title='bbox 1232 985 1293 1018; x_wconf 85' lang='lat' dir='ltr'><strong>lib.</strong></span> <span class='ocrx_word' id='word_1_332' title='bbox 1320 995 1482 1020; x_wconf 82' lang='lat' dir='ltr'><strong>cxxxm.</strong></span> <span class='ocrx_word' id='word_1_333' title='bbox 1525 987 1595 1020; x_wconf 88' lang='lat' dir='ltr'><strong>Ubi</strong></span> <span class='ocrx_word' id='word_1_334' title='bbox 1625 997 1808 1031; x_wconf 78' lang='lat' dir='ltr'><strong>perperam</strong></span> 
     </span>
     <span class='ocr_line' id='line_1_66' title="bbox 1100 1035 1816 1085; baseline 0.006 -18"><span class='ocrx_word' id='word_1_335' title='bbox 1100 1035 1240 1068; x_wconf 85' lang='lat' dir='ltr'><strong>Carolus</strong></span> <span class='ocrx_word' id='word_1_336' title='bbox 1263 1036 1421 1079; x_wconf 78' lang='lat' dir='ltr'><strong>sigonius</strong></span> <span class='ocrx_word' id='word_1_337' title='bbox 1436 1037 1662 1071; x_wconf 73' lang='lat' dir='ltr'><strong>Salvidieniam</strong></span> <span class='ocrx_word' id='word_1_338' title='bbox 1683 1036 1816 1085; x_wconf 47' lang='lat' dir='ltr'><strong>substis</strong></span> 
     </span>
     <span class='ocr_line' id='line_1_67' title="bbox 1099 1088 1810 1129; baseline 0.004 -10"><span class='ocrx_word' id='word_1_339' title='bbox 1099 1088 1181 1129; x_wconf 88' lang='lat' dir='ltr'><strong>tuit,</strong></span> <span class='ocrx_word' id='word_1_340' title='bbox 1208 1088 1350 1122; x_wconf 85' lang='lat' dir='ltr'><strong>vitiosos</strong></span> <span class='ocrx_word' id='word_1_341' title='bbox 1374 1089 1530 1122; x_wconf 85' lang='lat' dir='ltr'><strong>Suetonii</strong></span> <span class='ocrx_word' id='word_1_342' title='bbox 1552 1089 1691 1122; x_wconf 87' lang='lat' dir='ltr'><strong>codices</strong></span> <span class='ocrx_word' id='word_1_343' title='bbox 1714 1098 1810 1122; x_wconf 86' lang='lat' dir='ltr'><strong>secu-</strong></span> 
     </span>
     <span class='ocr_line' id='line_1_68' title="bbox 1100 1138 1811 1182; baseline 0 -10"><span class='ocrx_word' id='word_1_344' title='bbox 1100 1142 1168 1172; x_wconf 86' lang='lat' dir='ltr'><strong>tus.</strong></span> <span class='ocrx_word' id='word_1_345' title='bbox 1212 1138 1319 1182; x_wconf 86' lang='lat' dir='ltr'><strong>Apud</strong></span> <span class='ocrx_word' id='word_1_346' title='bbox 1335 1139 1534 1182; x_wconf 88' lang='lat' dir='ltr'><strong>Appianum</strong></span> <span class='ocrx_word' id='word_1_347' title='bbox 1548 1142 1666 1173; x_wconf 83' lang='lat' dir='ltr'><strong>tamen</strong></span> <span class='ocrx_word' id='word_1_348' title='bbox 1681 1139 1724 1171; x_wconf 86' lang='lat' dir='ltr'><strong>de</strong></span> <span class='ocrx_word' id='word_1_349' title='bbox 1737 1139 1811 1172; x_wconf 83' lang='lat' dir='ltr'><strong>bel-</strong></span> 
     </span>
     <span class='ocr_line' id='line_1_69' title="bbox 1099 1190 1811 1232; baseline 0.001 -10"><span class='ocrx_word' id='word_1_350' title='bbox 1099 1190 1141 1222; x_wconf 88' lang='lat' dir='ltr'><strong>lis</strong></span> <span class='ocrx_word' id='word_1_351' title='bbox 1159 1190 1296 1224; x_wconf 86' lang='lat' dir='ltr'><strong>Civilib.</strong></span> <span class='ocrx_word' id='word_1_352' title='bbox 1316 1199 1372 1224; x_wconf 86' lang='lat'><strong>111.</strong></span> <span class='ocrx_word' id='word_1_353' title='bbox 1401 1190 1532 1232; x_wconf 84' lang='lat' dir='ltr'><strong>legitur</strong></span> <span class='ocrx_word' id='word_1_354' title='bbox 1549 1191 1654 1224; x_wconf 85' lang='lat' dir='ltr'><strong>etiam</strong></span> <span class='ocrx_word' id='word_1_355' title='bbox 1680 1193 1811 1224; x_wconf 75' lang='grc' dir='ltr'><strong>Σαλουι-</strong></span> 
     </span>
     <span class='ocr_line' id='line_1_70' title="bbox 1099 1239 1810 1280; baseline 0 -7"><span class='ocrx_word' id='word_1_356' title='bbox 1099 1239 1199 1280; x_wconf 67' lang='lat' dir='ltr'><strong>omos.</strong></span> <span class='ocrx_word' id='word_1_357' title='bbox 1244 1241 1313 1274; x_wconf 90' lang='lat' dir='ltr'><strong>Sed</strong></span> <span class='ocrx_word' id='word_1_358' title='bbox 1330 1241 1506 1274; x_wconf 86' lang='lat' dir='ltr'><strong>mendose.</strong></span> <span class='ocrx_word' id='word_1_359' title='bbox 1540 1241 1632 1274; x_wconf 89' lang='lat' dir='ltr'><strong>Nam</strong></span> <span class='ocrx_word' id='word_1_360' title='bbox 1654 1251 1676 1273; x_wconf 80' lang='lat' dir='ltr'><strong>a</strong></span> <span class='ocrx_word' id='word_1_361' title='bbox 1699 1241 1810 1274; x_wconf 87' lang='lat' dir='ltr'><strong>Salvi·</strong></span> 
     </span>
     <span class='ocr_line' id='line_1_71' title="bbox 1099 1292 1810 1333; baseline 0.001 -9"><span class='ocrx_word' id='word_1_362' title='bbox 1099 1292 1176 1324; x_wconf 86' lang='lat' dir='ltr'><strong>dius</strong></span> <span class='ocrx_word' id='word_1_363' title='bbox 1204 1297 1260 1325; x_wconf 86' lang='lat' dir='ltr'><strong>est</strong></span> <span class='ocrx_word' id='word_1_364' title='bbox 1280 1292 1510 1333; x_wconf 83' lang='lat' dir='ltr'><strong>Salvidienus,</strong></span> <span class='ocrx_word' id='word_1_365' title='bbox 1533 1296 1574 1326; x_wconf 91' lang='lat' dir='ltr'><strong>ut</strong></span> <span class='ocrx_word' id='word_1_366' title='bbox 1599 1302 1620 1324; x_wconf 85' lang='lat' dir='ltr'><strong>a</strong></span> <span class='ocrx_word' id='word_1_367' title='bbox 1645 1292 1810 1326; x_wconf 84' lang='lat' dir='ltr'><strong>Nasidius</strong></span> 
     </span>
     <span class='ocr_line' id='line_1_72' title="bbox 1100 1342 1811 1385; baseline 0 -10"><span class='ocrx_word' id='word_1_368' title='bbox 1100 1342 1324 1383; x_wconf 85' lang='lat' dir='ltr'><strong>Nasidienus,</strong></span> <span class='ocrx_word' id='word_1_369' title='bbox 1351 1352 1373 1375; x_wconf 87' lang='lat' dir='ltr'><strong>a</strong></span> <span class='ocrx_word' id='word_1_370' title='bbox 1396 1343 1532 1376; x_wconf 84' lang='lat' dir='ltr'><strong>Gallius</strong></span> <span class='ocrx_word' id='word_1_371' title='bbox 1555 1342 1747 1385; x_wconf 87' lang='lat' dir='ltr'><strong>Gallienus,</strong></span> <span class='ocrx_word' id='word_1_372' title='bbox 1773 1348 1811 1376; x_wconf 88' lang='lat' dir='ltr'><strong>et</strong></span> 
     </span>
     <span class='ocr_line' id='line_1_73' title="bbox 1100 1393 1407 1427; baseline 0.007 -2"><span class='ocrx_word' id='word_1_373' title='bbox 1100 1393 1235 1427; x_wconf 85' lang='lat' dir='ltr'><strong>similia.</strong></span> <span class='ocrx_word' id='word_1_374' title='bbox 1273 1395 1407 1427; x_wconf 81' lang='lat' dir='ltr'><strong>Vossius.</strong></span> 
     </span>
    </p>

    <p class='ocr_par' dir='ltr' id='par_1_7' title="bbox 1099 1444 1812 1690">
     <span class='ocr_line' id='line_1_74' title="bbox 1145 1444 1811 1488; baseline 0 -10"><span class='ocrx_word' id='word_1_375' title='bbox 1145 1446 1277 1478; x_wconf 83' lang='lat' dir='ltr'><strong>Omnem</strong></span> <span class='ocrx_word' id='word_1_376' title='bbox 1299 1445 1542 1488; x_wconf 77' lang='lat' dir='ltr'><strong>ordinationem]</strong></span> <span class='ocrx_word' id='word_1_377' title='bbox 1574 1444 1646 1478; x_wconf 86' lang='lat' dir='ltr'><strong>Alii</strong></span> <span class='ocrx_word' id='word_1_378' title='bbox 1665 1445 1811 1478; x_wconf 75' lang='lat' dir='ltr'><strong>ordinan-</strong></span> 
     </span>
     <span class='ocr_line' id='line_1_75' title="bbox 1099 1494 1812 1529; baseline 0 -1"><span class='ocrx_word' id='word_1_379' title='bbox 1099 1498 1174 1528; x_wconf 78' lang='lat' dir='ltr'><strong>tem.</strong></span> <span class='ocrx_word' id='word_1_380' title='bbox 1197 1494 1420 1528; x_wconf 80' lang='lat' dir='ltr'><strong>wecheliana</strong></span> <span class='ocrx_word' id='word_1_381' title='bbox 1432 1495 1539 1528; x_wconf 89' lang='lat' dir='ltr'><strong>editio</strong></span> <span class='ocrx_word' id='word_1_382' title='bbox 1554 1495 1705 1529; x_wconf 73' lang='lat' dir='ltr'><strong>ordinem.</strong></span> <span class='ocrx_word' id='word_1_383' title='bbox 1733 1496 1812 1528; x_wconf 87' lang='lat' dir='ltr'><strong>Om-</strong></span> 
     </span>
     <span class='ocr_line' id='line_1_76' title="bbox 1099 1545 1811 1591; baseline 0 -13"><span class='ocrx_word' id='word_1_384' title='bbox 1099 1555 1168 1578; x_wconf 88' lang='lat' dir='ltr'><strong>nem</strong></span> <span class='ocrx_word' id='word_1_385' title='bbox 1191 1545 1435 1587; x_wconf 74' lang='lat' dir='ltr'><strong>ordinationem]</strong></span> <span class='ocrx_word' id='word_1_386' title='bbox 1459 1545 1529 1591; x_wconf 77' lang='lat' dir='ltr'><strong>Alii</strong></span> <span class='ocrx_word' id='word_1_387' title='bbox 1546 1546 1698 1579; x_wconf 77' lang='lat' dir='ltr'><strong>ordinem.</strong></span> <span class='ocrx_word' id='word_1_388' title='bbox 1738 1546 1811 1578; x_wconf 87' lang='lat' dir='ltr'><strong>Sed</strong></span> 
     </span>
     <span class='ocr_line' id='line_1_77' title="bbox 1100 1595 1810 1630; baseline 0.003 -2"><span class='ocrx_word' id='word_1_389' title='bbox 1100 1606 1171 1629; x_wconf 89' lang='lat' dir='ltr'><strong>nou</strong></span> <span class='ocrx_word' id='word_1_390' title='bbox 1198 1595 1300 1629; x_wconf 79' lang='lat' dir='ltr'><strong>video</strong></span> <span class='ocrx_word' id='word_1_391' title='bbox 1326 1605 1390 1629; x_wconf 90' lang='lat' dir='ltr'><strong>cur</strong></span> <span class='ocrx_word' id='word_1_392' title='bbox 1413 1599 1515 1629; x_wconf 87' lang='lat' dir='ltr'><strong>vetus</strong></span> <span class='ocrx_word' id='word_1_393' title='bbox 1550 1596 1656 1630; x_wconf 89' lang='lat' dir='ltr'><strong>lectio</strong></span> <span class='ocrx_word' id='word_1_394' title='bbox 1681 1597 1810 1630; x_wconf 83' lang='lat' dir='ltr'><strong>mutari</strong></span> 
     </span>
     <span class='ocr_line' id='line_1_78' title="bbox 1101 1647 1410 1690; baseline 0.003 -9"><span class='ocrx_word' id='word_1_395' title='bbox 1101 1647 1240 1681; x_wconf 87' lang='lat' dir='ltr'><strong>debeat.</strong></span> <span class='ocrx_word' id='word_1_396' title='bbox 1275 1649 1410 1690; x_wconf 72' lang='lat' dir='ltr'><strong>Vossius.</strong></span> 
     </span>
    </p>

    <p class='ocr_par' dir='ltr' id='par_1_8' title="bbox 1101 1695 1816 2918">
     <span class='ocr_line' id='line_1_79' title="bbox 1145 1695 1812 1743; baseline 0.003 -11"><span class='ocrx_word' id='word_1_397' title='bbox 1145 1699 1231 1732; x_wconf 80' lang='lat' dir='ltr'><strong>Solis</strong></span> <span class='ocrx_word' id='word_1_398' title='bbox 1251 1700 1347 1742; x_wconf 83' lang='lat' dir='ltr'><strong>orbis,</strong></span> <span class='ocrx_word' id='word_1_399' title='bbox 1367 1700 1436 1742; x_wconf 59' lang='lat' dir='ltr'><strong>esa]</strong></span> <span class='ocrx_word' id='word_1_400' title='bbox 1470 1699 1672 1743; x_wconf 85' lang='lat' dir='ltr'><strong>[Radiatum</strong></span> <span class='ocrx_word' id='word_1_401' title='bbox 1696 1695 1812 1735; x_wconf 73' lang='lat' dir='ltr'><strong>autem</strong></span> 
     </span>
     <span class='ocr_line' id='line_1_80' title="bbox 1103 1750 1812 1795; baseline 0.003 -12"><span class='ocrx_word' id='word_1_402' title='bbox 1103 1755 1211 1794; x_wconf 89' lang='lat' dir='ltr'><strong>caput</strong></span> <span class='ocrx_word' id='word_1_403' title='bbox 1239 1750 1429 1784; x_wconf 85' lang='lat' dir='ltr'><strong>divinitatis</strong></span> <span class='ocrx_word' id='word_1_404' title='bbox 1458 1751 1619 1794; x_wconf 68' lang='lat' dir='ltr'><strong>signum]</strong></span> <span class='ocrx_word' id='word_1_405' title='bbox 1651 1750 1812 1795; x_wconf 60' lang='lat' dir='ltr'><strong>‘Elegans</strong></span> 
     </span>
     <span class='ocr_line' id='line_1_81' title="bbox 1101 1801 1813 1846; baseline 0.004 -13"><span class='ocrx_word' id='word_1_406' title='bbox 1101 1802 1198 1834; x_wconf 88' lang='lat' dir='ltr'><strong>locus</strong></span> <span class='ocrx_word' id='word_1_407' title='bbox 1212 1801 1256 1833; x_wconf 92' lang='lat' dir='ltr'><strong>de</strong></span> <span class='ocrx_word' id='word_1_408' title='bbox 1270 1801 1386 1843; x_wconf 88' lang='lat' dir='ltr'><strong>capite</strong></span> <span class='ocrx_word' id='word_1_409' title='bbox 1399 1802 1535 1835; x_wconf 84' lang='lat' dir='ltr'><strong>radiato</strong></span> <span class='ocrx_word' id='word_1_410' title='bbox 1548 1803 1622 1835; x_wconf 83' lang='lat' dir='ltr'><strong>sive</strong></span> <span class='ocrx_word' id='word_1_411' title='bbox 1636 1803 1746 1845; x_wconf 86' lang='lat' dir='ltr'><strong>radio,</strong></span> <span class='ocrx_word' id='word_1_412' title='bbox 1755 1805 1813 1846; x_wconf 86' lang='lat' dir='ltr'><strong>qui</strong></span> 
     </span>
     <span class='ocr_line' id='line_1_82' title="bbox 1103 1853 1811 1896; baseline 0.003 -11"><span class='ocrx_word' id='word_1_413' title='bbox 1103 1853 1264 1896; x_wconf 87' lang='lat' dir='ltr'><strong>proprius</strong></span> <span class='ocrx_word' id='word_1_414' title='bbox 1281 1853 1449 1886; x_wconf 88' lang='lat' dir='ltr'><strong>Deorum.</strong></span> <span class='ocrx_word' id='word_1_415' title='bbox 1472 1854 1643 1887; x_wconf 84' lang='lat' dir='ltr'><strong>Pacatus:</strong></span> <span class='ocrx_word' id='word_1_416' title='bbox 1658 1853 1669 1873; x_wconf 79' lang='lat'><strong>⁴</strong></span> <span class='ocrx_word' id='word_1_417' title='bbox 1679 1854 1718 1887; x_wconf 90' lang='lat' dir='ltr'><strong>Si</strong></span> <span class='ocrx_word' id='word_1_418' title='bbox 1729 1854 1811 1887; x_wconf 88' lang='lat' dir='ltr'><strong>olim</strong></span> 
     </span>
     <span class='ocr_line' id='line_1_83' title="bbox 1103 1904 1813 1947; baseline 0.001 -10"><span class='ocrx_word' id='word_1_419' title='bbox 1103 1905 1215 1937; x_wconf 86' lang='lat' dir='ltr'><strong>severi</strong></span> <span class='ocrx_word' id='word_1_420' title='bbox 1245 1904 1424 1938; x_wconf 86' lang='lat' dir='ltr'><strong>credidere</strong></span> <span class='ocrx_word' id='word_1_421' title='bbox 1460 1905 1622 1947; x_wconf 87' lang='lat' dir='ltr'><strong>majores,</strong></span> <span class='ocrx_word' id='word_1_422' title='bbox 1650 1905 1813 1938; x_wconf 87' lang='lat' dir='ltr'><strong>Castores</strong></span> 
     </span>
     <span class='ocr_line' id='line_1_84' title="bbox 1103 1956 1814 2000; baseline 0.003 -12"><span class='ocrx_word' id='word_1_423' title='bbox 1103 1957 1259 1999; x_wconf 88' lang='lat' dir='ltr'><strong>geminos</strong></span> <span class='ocrx_word' id='word_1_424' title='bbox 1285 1956 1481 1990; x_wconf 87' lang='lat' dir='ltr'><strong>albentibus</strong></span> <span class='ocrx_word' id='word_1_425' title='bbox 1502 1957 1602 2000; x_wconf 83' lang='lat' dir='ltr'><strong>equis</strong></span> <span class='ocrx_word' id='word_1_426' title='bbox 1616 1961 1654 1990; x_wconf 85' lang='lat' dir='ltr'><strong>et</strong></span> <span class='ocrx_word' id='word_1_427' title='bbox 1666 1957 1814 1990; x_wconf 82' lang='lat' dir='ltr'><strong>stellatis</strong></span> 
     </span>
     <span class='ocr_line' id='line_1_85' title="bbox 1103 2007 1815 2050; baseline 0 -10"><span class='ocrx_word' id='word_1_428' title='bbox 1103 2008 1260 2050; x_wconf 85' lang='lat' dir='ltr'><strong>apicibus</strong></span> <span class='ocrx_word' id='word_1_429' title='bbox 1275 2007 1441 2050; x_wconf 84' lang='lat' dir='ltr'><strong>insignes,</strong></span> <span class='ocrx_word' id='word_1_430' title='bbox 1452 2009 1631 2050; x_wconf 86' lang='lat' dir='ltr'><strong>pulverem</strong></span> <span class='ocrx_word' id='word_1_431' title='bbox 1640 2018 1815 2042; x_wconf 85' lang='lat' dir='ltr'><strong>cruorem-</strong></span> 
     </span>
     <span class='ocr_line' id='line_1_86' title="bbox 1102 2058 1814 2105; baseline 0 -13"><span class='ocrx_word' id='word_1_432' title='bbox 1102 2069 1169 2103; x_wconf 91' lang='lat' dir='ltr'><strong>que</strong></span> <span class='ocrx_word' id='word_1_433' title='bbox 1179 2059 1385 2093; x_wconf 80' lang='lat' dir='ltr'><strong>Thessalicis</strong></span> <span class='ocrx_word' id='word_1_434' title='bbox 1397 2059 1493 2103; x_wconf 89' lang='lat' dir='ltr'><strong>aquis</strong></span> <span class='ocrx_word' id='word_1_435' title='bbox 1504 2058 1709 2105; x_wconf 68' lang='lat' dir='ltr'><strong>abluentes!</strong></span> <span class='ocrx_word' id='word_1_436' title='bbox 1727 2060 1814 2093; x_wconf 87' lang='lat' dir='ltr'><strong>Sue·</strong></span> 
     </span>
     <span class='ocr_line' id='line_1_87' title="bbox 1102 2110 1814 2157; baseline 0.001 -15"><span class='ocrx_word' id='word_1_437' title='bbox 1102 2110 1218 2143; x_wconf 90' lang='lat' dir='ltr'><strong>tonius</strong></span> <span class='ocrx_word' id='word_1_438' title='bbox 1243 2110 1394 2157; x_wconf 82' lang='lat' dir='ltr'><strong>August.</strong></span> <span class='ocrx_word' id='word_1_439' title='bbox 1424 2120 1501 2153; x_wconf 91' lang='lat' dir='ltr'><strong>cap.</strong></span> <span class='ocrx_word' id='word_1_440' title='bbox 1530 2112 1586 2144; x_wconf 76' lang='lat'><strong>94.</strong></span> <span class='ocrx_word' id='word_1_441' title='bbox 1620 2110 1814 2154; x_wconf 82' lang='lat' dir='ltr'><strong>‘Sequenti</strong></span> 
     </span>
     <span class='ocr_line' id='line_1_88' title="bbox 1102 2160 1814 2202; baseline 0 -8"><span class='ocrx_word' id='word_1_442' title='bbox 1102 2166 1206 2194; x_wconf 89' lang='lat' dir='ltr'><strong>nocte</strong></span> <span class='ocrx_word' id='word_1_443' title='bbox 1221 2161 1337 2194; x_wconf 86' lang='lat' dir='ltr'><strong>statim</strong></span> <span class='ocrx_word' id='word_1_444' title='bbox 1361 2160 1480 2194; x_wconf 86' lang='lat' dir='ltr'><strong>videre</strong></span> <span class='ocrx_word' id='word_1_445' title='bbox 1505 2161 1598 2194; x_wconf 88' lang='lat' dir='ltr'><strong>visus</strong></span> <span class='ocrx_word' id='word_1_446' title='bbox 1619 2165 1688 2202; x_wconf 87' lang='lat' dir='ltr'><strong>est,</strong></span> <span class='ocrx_word' id='word_1_447' title='bbox 1702 2160 1814 2194; x_wconf 83' lang='lat' dir='ltr'><strong>filiam</strong></span> 
     </span>
     <span class='ocr_line' id='line_1_89' title="bbox 1102 2211 1814 2256; baseline -0.003 -10"><span class='ocrx_word' id='word_1_448' title='bbox 1102 2213 1240 2246; x_wconf 88' lang='lat' dir='ltr'><strong>mortali</strong></span> <span class='ocrx_word' id='word_1_449' title='bbox 1256 2211 1390 2256; x_wconf 89' lang='lat' dir='ltr'><strong>specie’</strong></span> <span class='ocrx_word' id='word_1_450' title='bbox 1407 2212 1481 2255; x_wconf 86' lang='lat' dir='ltr'><strong>(hic</strong></span> <span class='ocrx_word' id='word_1_451' title='bbox 1505 2216 1590 2246; x_wconf 85' lang='lat' dir='ltr'><strong>nota</strong></span> <span class='ocrx_word' id='word_1_452' title='bbox 1602 2212 1746 2245; x_wconf 86' lang='lat' dir='ltr'><strong>seorsim</strong></span> <span class='ocrx_word' id='word_1_453' title='bbox 1761 2212 1814 2244; x_wconf 82' lang='lat' dir='ltr'><strong>ire</strong></span> 
     </span>
     <span class='ocr_line' id='line_1_90' title="bbox 1102 2262 1815 2307; baseline 0 -11"><span class='ocrx_word' id='word_1_454' title='bbox 1102 2264 1139 2296; x_wconf 91' lang='lat' dir='ltr'><strong>iu</strong></span> <span class='ocrx_word' id='word_1_455' title='bbox 1164 2264 1335 2307; x_wconf 66' lang='lat' dir='ltr'><strong>presagio</strong></span> <span class='ocrx_word' id='word_1_456' title='bbox 1361 2273 1382 2297; x_wconf 82' lang='lat' dir='ltr'><strong>a</strong></span> <span class='ocrx_word' id='word_1_457' title='bbox 1404 2262 1558 2304; x_wconf 73' lang='lat' dir='ltr'><strong>Velleio)</strong></span> <span class='ocrx_word' id='word_1_458' title='bbox 1573 2263 1584 2282; x_wconf 89' lang='lat'>‘</span> <span class='ocrx_word' id='word_1_459' title='bbox 1598 2263 1815 2306; x_wconf 79' lang='lat' dir='ltr'><strong>ampliorem,</strong></span> 
     </span>
     <span class='ocr_line' id='line_1_91' title="bbox 1103 2313 1815 2358; baseline 0 -12"><span class='ocrx_word' id='word_1_460' title='bbox 1103 2323 1182 2347; x_wconf 91' lang='lat' dir='ltr'><strong>cum</strong></span> <span class='ocrx_word' id='word_1_461' title='bbox 1204 2313 1347 2348; x_wconf 83' lang='lat' dir='ltr'><strong>fulmine</strong></span> <span class='ocrx_word' id='word_1_462' title='bbox 1376 2318 1415 2348; x_wconf 89' lang='lat' dir='ltr'><strong>et</strong></span> <span class='ocrx_word' id='word_1_463' title='bbox 1444 2319 1584 2358; x_wconf 81' lang='lat' dir='ltr'><strong>sceptro</strong></span> <span class='ocrx_word' id='word_1_464' title='bbox 1613 2313 1815 2357; x_wconf 83' lang='lat' dir='ltr'><strong>exuviisque</strong></span> 
     </span>
     <span class='ocr_line' id='line_1_92' title="bbox 1102 2366 1814 2414; baseline -0.001 -15"><span class='ocrx_word' id='word_1_465' title='bbox 1102 2366 1201 2399; x_wconf 82' lang='lat' dir='ltr'><strong>Jovis</strong></span> <span class='ocrx_word' id='word_1_466' title='bbox 1232 2371 1307 2408; x_wconf 89' lang='lat' dir='ltr'><strong>opt.</strong></span> <span class='ocrx_word' id='word_1_467' title='bbox 1334 2376 1427 2400; x_wconf 84' lang='lat' dir='ltr'><strong>max.</strong></span> <span class='ocrx_word' id='word_1_468' title='bbox 1452 2376 1494 2399; x_wconf 86' lang='lat' dir='ltr'><strong>ac</strong></span> <span class='ocrx_word' id='word_1_469' title='bbox 1521 2366 1657 2398; x_wconf 86' lang='lat' dir='ltr'><strong>radiata</strong></span> <span class='ocrx_word' id='word_1_470' title='bbox 1686 2374 1814 2414; x_wconf 75' lang='lat' dir='ltr'><strong>corona</strong></span> 
     </span>
     <span class='ocr_line' id='line_1_93' title="bbox 1101 2416 1815 2459; baseline 0.001 -11"><span class='ocrx_word' id='word_1_471' title='bbox 1101 2418 1205 2459; x_wconf 87' lang='lat' dir='ltr'><strong>super</strong></span> <span class='ocrx_word' id='word_1_472' title='bbox 1211 2416 1402 2449; x_wconf 88' lang='lat' dir='ltr'><strong>laureatum</strong></span> <span class='ocrx_word' id='word_1_473' title='bbox 1412 2425 1550 2450; x_wconf 88' lang='lat' dir='ltr'><strong>currum</strong></span> <span class='ocrx_word' id='word_1_474' title='bbox 1561 2416 1707 2449; x_wconf 88' lang='lat' dir='ltr'><strong>bissenis</strong></span> <span class='ocrx_word' id='word_1_475' title='bbox 1718 2417 1815 2459; x_wconf 83' lang='lat' dir='ltr'><strong>equis</strong></span> 
     </span>
     <span class='ocr_line' id='line_1_94' title="bbox 1103 2465 1814 2499; baseline 0.001 -1"><span class='ocrx_word' id='word_1_476' title='bbox 1103 2465 1255 2499; x_wconf 85' lang='lat' dir='ltr'><strong>candore</strong></span> <span class='ocrx_word' id='word_1_477' title='bbox 1279 2467 1407 2499; x_wconf 86' lang='lat' dir='ltr'><strong>eximio</strong></span> <span class='ocrx_word' id='word_1_478' title='bbox 1433 2466 1675 2499; x_wconf 64' lang='lat' dir='ltr'><strong>trahentibus)</strong></span> <span class='ocrx_word' id='word_1_479' title='bbox 1698 2466 1814 2499; x_wconf 61' lang='lat' dir='ltr'><strong>›Luca-</strong></span> 
     </span>
     <span class='ocr_line' id='line_1_95' title="bbox 1103 2517 1815 2560; baseline 0 -11"><span class='ocrx_word' id='word_1_480' title='bbox 1103 2527 1190 2550; x_wconf 70' lang='lat' dir='ltr'><strong>nust</strong></span> <span class='ocrx_word' id='word_1_481' title='bbox 1223 2518 1233 2536; x_wconf 86' lang='lat'>‘</span> <span class='ocrx_word' id='word_1_482' title='bbox 1251 2517 1462 2551; x_wconf 86' lang='lat' dir='ltr'><strong>Fulminibus</strong></span> <span class='ocrx_word' id='word_1_483' title='bbox 1487 2527 1618 2558; x_wconf 85' lang='lat' dir='ltr'><strong>manes,</strong></span> <span class='ocrx_word' id='word_1_484' title='bbox 1640 2517 1815 2560; x_wconf 85' lang='lat' dir='ltr'><strong>radiisque</strong></span> 
     </span>
     <span class='ocr_line' id='line_1_96' title="bbox 1103 2568 1812 2610; baseline 0 -10"><span class='ocrx_word' id='word_1_485' title='bbox 1103 2568 1241 2601; x_wconf 89' lang='lat' dir='ltr'><strong>ornabit</strong></span> <span class='ocrx_word' id='word_1_486' title='bbox 1270 2573 1307 2601; x_wconf 90' lang='lat' dir='ltr'><strong>et</strong></span> <span class='ocrx_word' id='word_1_487' title='bbox 1333 2568 1459 2601; x_wconf 65' lang='lat' dir='ltr'><strong>astris!</strong></span> <span class='ocrx_word' id='word_1_488' title='bbox 1517 2568 1565 2601; x_wconf 88' lang='lat' dir='ltr'><strong>Et</strong></span> <span class='ocrx_word' id='word_1_489' title='bbox 1594 2568 1812 2610; x_wconf 83' lang='lat' dir='ltr'><strong>postmodum</strong></span> 
     </span>
     <span class='ocr_line' id='line_1_97' title="bbox 1104 2617 1814 2661; baseline 0 -11"><span class='ocrx_word' id='word_1_490' title='bbox 1104 2617 1312 2661; x_wconf 88' lang='lat' dir='ltr'><strong>principum,</strong></span> <span class='ocrx_word' id='word_1_491' title='bbox 1327 2629 1347 2651; x_wconf 91' lang='lat' dir='ltr'><strong>a</strong></span> <span class='ocrx_word' id='word_1_492' title='bbox 1359 2619 1454 2653; x_wconf 88' lang='lat' dir='ltr'><strong>Julio</strong></span> <span class='ocrx_word' id='word_1_493' title='bbox 1470 2618 1621 2660; x_wconf 70' lang='lat' dir='ltr'><strong>caesare,</strong></span> <span class='ocrx_word' id='word_1_494' title='bbox 1633 2619 1690 2651; x_wconf 88' lang='lat' dir='ltr'><strong>cui</strong></span> <span class='ocrx_word' id='word_1_495' title='bbox 1705 2622 1814 2661; x_wconf 84' lang='lat' dir='ltr'><strong>popu-</strong></span> 
     </span>
     <span class='ocr_line' id='line_1_98' title="bbox 1103 2669 1813 2703; baseline -0.001 -1"><span class='ocrx_word' id='word_1_496' title='bbox 1103 2670 1157 2702; x_wconf 87' lang='lat' dir='ltr'><strong>lus</strong></span> <span class='ocrx_word' id='word_1_497' title='bbox 1180 2670 1273 2703; x_wconf 87' lang='lat' dir='ltr'><strong>inter</strong></span> <span class='ocrx_word' id='word_1_498' title='bbox 1296 2670 1382 2703; x_wconf 84' lang='lat' dir='ltr'><strong>alios</strong></span> <span class='ocrx_word' id='word_1_499' title='bbox 1402 2669 1508 2703; x_wconf 83' lang='lat' dir='ltr'><strong>etiam</strong></span> <span class='ocrx_word' id='word_1_500' title='bbox 1531 2670 1621 2702; x_wconf 84' lang='lat' dir='ltr'><strong>huuc</strong></span> <span class='ocrx_word' id='word_1_501' title='bbox 1648 2669 1813 2702; x_wconf 87' lang='lat' dir='ltr'><strong>honorem</strong></span> 
     </span>
     <span class='ocr_line' id='line_1_99' title="bbox 1106 2720 1816 2763; baseline -0.001 -9"><span class='ocrx_word' id='word_1_502' title='bbox 1106 2721 1241 2755; x_wconf 86' lang='lat' dir='ltr'><strong>tribuit.</strong></span> <span class='ocrx_word' id='word_1_503' title='bbox 1273 2722 1417 2755; x_wconf 84' lang='lat' dir='ltr'><strong>Florus:</strong></span> <span class='ocrx_word' id='word_1_504' title='bbox 1440 2722 1451 2741; x_wconf 73' lang='lat'><em>⁸</em></span> <span class='ocrx_word' id='word_1_505' title='bbox 1468 2721 1572 2755; x_wconf 86' lang='lat' dir='ltr'><strong>Circa</strong></span> <span class='ocrx_word' id='word_1_506' title='bbox 1585 2721 1716 2763; x_wconf 84' lang='lat' dir='ltr'><strong>templa</strong></span> <span class='ocrx_word' id='word_1_507' title='bbox 1729 2720 1816 2754; x_wconf 87' lang='lat' dir='ltr'><strong>ima-</strong></span> 
     </span>
     <span class='ocr_line' id='line_1_100' title="bbox 1104 2771 1815 2815; baseline 0 -10"><span class='ocrx_word' id='word_1_508' title='bbox 1104 2772 1215 2815; x_wconf 85' lang='lat' dir='ltr'><strong>gines,</strong></span> <span class='ocrx_word' id='word_1_509' title='bbox 1229 2773 1264 2806; x_wconf 87' lang='lat' dir='ltr'><strong>iu</strong></span> <span class='ocrx_word' id='word_1_510' title='bbox 1279 2773 1417 2806; x_wconf 83' lang='lat' dir='ltr'><strong>theatro</strong></span> <span class='ocrx_word' id='word_1_511' title='bbox 1442 2772 1606 2805; x_wconf 87' lang='lat' dir='ltr'><strong>distincta</strong></span> <span class='ocrx_word' id='word_1_512' title='bbox 1631 2771 1735 2805; x_wconf 83' lang='lat' dir='ltr'><strong>radiis</strong></span> <span class='ocrx_word' id='word_1_513' title='bbox 1757 2782 1815 2805; x_wconf 89' lang='lat' dir='ltr'><strong>co·</strong></span> 
     </span>
     <span class='ocr_line' id='line_1_101' title="bbox 1104 2821 1813 2867; baseline 0 -11"><span class='ocrx_word' id='word_1_514' title='bbox 1104 2833 1208 2857; x_wconf 86' lang='lat' dir='ltr'><strong>rona:</strong></span> <span class='ocrx_word' id='word_1_515' title='bbox 1241 2827 1423 2867; x_wconf 83' lang='lat' dir='ltr'><strong>suggestus</strong></span> <span class='ocrx_word' id='word_1_516' title='bbox 1449 2823 1485 2856; x_wconf 85' lang='lat' dir='ltr'><strong>in</strong></span> <span class='ocrx_word' id='word_1_517' title='bbox 1509 2823 1618 2863; x_wconf 84' lang='lat' dir='ltr'><strong>curia,</strong></span> <span class='ocrx_word' id='word_1_518' title='bbox 1638 2821 1813 2865; x_wconf 79' lang='lat' dir='ltr'><strong>fastigium</strong></span> 
     </span>
     <span class='ocr_line' id='line_1_102' title="bbox 1103 2874 1814 2918; baseline -0.001 -11"><span class='ocrx_word' id='word_1_519' title='bbox 1103 2875 1138 2908; x_wconf 88' lang='lat' dir='ltr'><strong>in</strong></span> <span class='ocrx_word' id='word_1_520' title='bbox 1169 2875 1280 2909; x_wconf 83' lang='lat' dir='ltr'><strong>domo.</strong></span> <span class='ocrx_word' id='word_1_521' title='bbox 1339 2874 1517 2918; x_wconf 82' lang='lat' dir='ltr'><strong>Augustus</strong></span> <span class='ocrx_word' id='word_1_522' title='bbox 1548 2883 1630 2907; x_wconf 83' lang='lat' dir='ltr'><strong>vero</strong></span> <span class='ocrx_word' id='word_1_523' title='bbox 1659 2874 1750 2907; x_wconf 84' lang='lat' dir='ltr'><strong>serio</strong></span> <span class='ocrx_word' id='word_1_524' title='bbox 1776 2883 1814 2907; x_wconf 84' lang='lat' dir='ltr'><strong>se</strong></span> 
     </span>
    </p>
   </div>
  </div>
 </body>
</html>
