2008 3210
423 271 513 316 872

423 380 470 412 tis
496 379 584 422 reip.
613 380 829 423 temporibus
857 381 944 414 tales
969 381 1136 424 homines,

422 433 533 476 qualis
555 433 611 466 hic
636 433 847 467 describitur
869 433 988 476 Curio,
1012 433 1137 468 idonea

421 489 502 526 sunt
527 485 757 518 instrumenta
781 486 1028 518 dominationis
1054 495 1135 519 con-

420 536 497 568 silia
513 536 734 578 agitantibus.
759 537 858 569 Idem.

466 588 504 620 C.
520 587 631 629 Curio]
658 588 724 619 Hic
737 592 790 619 est
802 587 861 619 ille
876 587 915 621 C.
925 587 1043 628 Curio,
1055 587 1132 620 Tri·

416 639 598 680 bunorum‚
629 644 669 671 ut
698 639 882 681 Appianus
909 639 1032 682 tradit,
1060 640 1131 672 elo-

416 691 676 734 quentissimus,
700 695 738 723 et
754 691 850 733 apud
867 691 1032 733 populum
1054 701 1130 733 gra-

416 742 631 784 tiosissimus,
657 743 701 775 de
718 753 785 785 quo
801 743 928 775 Caelius
944 743 1057 784 Epist.
1085 744 1127 775 ad

414 794 527 827 Cicer.
546 795 556 812 ‘
576 794 680 828 Quod
706 794 771 826 tibi
795 804 899 836 supra
923 794 1044 836 scripsi
1060 794 1128 826 Cu-

413 845 546 878 rionem
572 845 716 888 frigere,
736 845 809 887 jam
833 845 939 886 calet,
965 854 1043 876 nam
1058 843 1126 877 fer-

410 897 607 929 ventissime
648 896 894 938 concerpitur:
940 895 1126 928 bellissime

408 948 501 980 enim
528 948 610 991 quia
637 948 681 980 de
707 946 944 980 intercalando
969 956 1038 979 non
1066 947 1125 979 ob-

409 1000 576 1041 tinuerat,
602 998 791 1041 transfugit
814 998 858 1030 ad
884 997 1063 1040 populum,
1086 1002 1124 1031 et

408 1060 471 1093 pro
487 1051 626 1084 Caesare
647 1050 741 1092 loqui
756 1048 889 1091 coepit.'
934 1048 1015 1081 Huc
1033 1047 1122 1081 refe-

407 1102 554 1135 rendum
583 1111 652 1134 non
676 1100 825 1133 absurde
855 1103 982 1142 putant
1008 1099 1122 1133 locum

405 1154 517 1186 istum·
525 1153 569 1185 de
585 1153 733 1186 Curione
754 1161 798 1184 ex
813 1150 913 1183 Varr.
931 1150 993 1183 lib.
1008 1160 1059 1184 1v.
1075 1151 1120 1184 de

402 1205 478 1237 vita
504 1205 592 1247 Pop.
610 1204 712 1237 Rom.
733 1201 827 1246 apud
853 1203 946 1236 Non.
972 1202 1119 1236 Obstrin-

400 1255 527 1297 gillare.
550 1255 701 1298 Schegk.

449 1307 550 1348 Cujus
563 1307 684 1348 animo]
707 1305 813 1338 Haud
840 1305 946 1338 dubie
974 1314 1116 1349 corrup-

401 1360 553 1393 tissimus
578 1364 633 1393 est
657 1360 712 1392 hic
737 1359 846 1400 locus,
873 1358 928 1391 cui
942 1359 1115 1392 medelam

397 1410 567 1444 hactenus
582 1420 684 1443 nemo
706 1410 930 1453 excogitavit.
976 1411 1114 1453 Lipsius

400 1461 552 1495 tentavit
577 1463 668 1503 cnjus
691 1462 793 1495 animi
816 1462 1055 1501 voluntatibus,·
1077 1467 1114 1496 et

397 1517 535 1555 postea,
548 1524 611 1556 pro
622 1506 826 1555 cupiditates,
837 1513 983 1546 civitates
991 1514 1114 1547 substi-

395 1564 475 1597 tuit.
520 1565 693 1598 Gruterus
704 1565 763 1597 illa
774 1564 893 1607 verba,
901 1565 1112 1607 voluptatibus

393 1615 445 1648 vel
457 1615 652 1657 libidinibus,
677 1626 697 1648 a
712 1617 801 1648 mala
816 1626 917 1649 manu
932 1626 1022 1657 esse,
1046 1617 1110 1650 ita-

394 1676 462 1709 que
474 1666 585 1700 deleri
597 1671 760 1709 oportere
773 1667 995 1699 existimavit.
1028 1667 1110 1700 Aci-

392 1717 518 1758 dalius,
532 1727 596 1759 pro
607 1718 723 1757 animo,
737 1718 823 1759 legit
834 1718 968 1751 omnino.
997 1718 1107 1752 Quid-

391 1769 474 1811 quid
489 1769 609 1801 horum
626 1769 839 1810 consideras,
860 1769 915 1801 vel
931 1769 1030 1801 stilus
1047 1779 1106 1802 va-

389 1819 525 1852 cillabit
539 1820 595 1853 vel
610 1830 742 1852 sensus.
766 1821 910 1852 Boecler.

439 1871 675 1913 Voluptatibus]
695 1871 803 1903 Varie
820 1871 905 1903 varii
925 1870 1005 1903 huic
1025 1871 1102 1904 loco

387 1921 582 1955 medentur.
628 1922 716 1954 Mihi
739 1931 876 1963 semper
899 1922 969 1962 illa,
995 1923 1102 1964 volup-

387 1973 510 2006 tatibus
523 1974 572 2005 vel
586 1972 782 2014 libidinibus,
805 1972 875 2005 visa
890 1977 972 2005 sunt
995 1972 1101 2004 inter-

386 2024 498 2066 pretis
528 2024 818 2063 additamentum,
845 2032 950 2065 super
978 2033 1100 2056 vocem

382 2074 499 2108 animo.
535 2075 681 2108 Gruter.
740 2075 872 2106 Forsan
909 2075 979 2106 tale
1016 2075 1099 2117 quid

383 2124 726 2168 subintelligendum,
750 2125 929 2168 inquinato,
964 2126 1032 2168 vel,
1059 2130 1098 2159 ut

380 2176 565 2210 Sallustius
581 2177 746 2219 loquitur,
759 2179 912 2217 cooperto.

423 2227 510 2260 Mox
518 2227 732 2269 simulatione]
748 2227 856 2269 Cujus
866 2227 1095 2261 simulationis

381 2277 525 2310 consilia
540 2279 703 2320 exposuit
728 2277 916 2320 diligenter
944 2279 1013 2310 Dio
1028 2286 1090 2311 xr..

378 2338 447 2362 non
463 2331 584 2371 procul
601 2340 621 2362 a
635 2329 717 2362 fine.
749 2330 895 2362 Boecler.
1087 2331 1090 2334 ’

396 2381 398 2383 ’
421 2380 559 2422 Accepto
569 2381 686 2413 centies
698 2381 744 2413 Η.
758 2379 811 2422 S.]
829 2381 1000 2423 Exiguum
1014 2391 1090 2414 cor-

376 2431 472 2473 rupti
496 2431 655 2463 Curionis
673 2431 837 2473 pretium,
862 2432 1002 2464 immani
1017 2443 1089 2464 aere

375 2481 488 2515 alieno
515 2483 694 2524 oppressi:
727 2492 805 2515 nam
830 2483 964 2516 centies
990 2483 1037 2517 Η.
1051 2484 1087 2517 8.

375 2536 587 2566 scutatorum
605 2533 708 2566 modo
726 2538 806 2565 sunt
818 2536 819 2540 ’
831 2538 991 2567 trecenta
1013 2535 1087 2567 mil-

372 2584 434 2617 lia·
482 2584 662 2618 Trecenties
677 2584 783 2626 igitur
799 2594 862 2626 pro
877 2585 994 2616 centies
1014 2595 1084 2617 om-

373 2636 456 2670 nino
470 2636 654 2678 legendum
673 2635 844 2676 existimo,
866 2636 1036 2669 adductus
1049 2637 1084 2669 in

372 2686 461 2720 hanc
475 2687 671 2729 opinionem
695 2686 848 2729 Appiani
873 2687 1083 2729 testimonio,

371 2738 430 2780 qui
445 2738 504 2771 lib.
520 2747 547 2770 1.
563 2740 607 2770 de
623 2738 710 2770 Bell.
725 2739 790 2770 εἰν.
807 2738 966 2770 Paullum
980 2739 1084 2771 AEmi-

369 2788 453 2821 lium
468 2790 648 2832 consulem
672 2794 826 2831 emptum
841 2800 861 2821 a
877 2790 1017 2822 Caesare
1033 2790 1083 2823 ait

371 2839 512 2872 talentis
527 2849 563 2873 n.
586 2840 772 2873 Curionem
784 2841 960 2883 aliquanto
976 2840 1082 2872 etiam

369 2889 501 2934 maJore
511 2891 692 2934 mercede,
713 2894 837 2936 utpote
860 2891 918 2935 qui
933 2891 1082 2926 Caesaris

727 277 875 316 NO'rAE
906 282 1266 316 VAmoRUM·1N
1299 284 1589 321 PATERCUM

1187 391 1319 418 canssae
1344 383 1476 425 utilior,
1502 393 1605 427 quam
1639 382 1797 425 Paullus,
1821 393 1903 425 csso

1187 438 1333 475 posset;
1371 435 1463 478 quod
1499 445 1556 468 res
1594 435 1669 477 ipsa
1691 434 1909 473 declar-*530¹

1185 484 1280 518 Nam
1293 485 1454 528 Paullus,
1479 486 1650 521 Marcello
1672 486 1898 531 collegae&-

1183 545 1296 570 sarem
1312 543 1549 580 oppugnante,
1574 548 1642 571 non
1667 536 1809 578 restitit,
1832 537 1898 578 sed

1182 591 1319 621 tantum
1346 589 1485 630 tacuit;
1524 593 1562 621 at
1592 588 1699 623 Curio
1738 588 1906 637 tribunus.

1181 638 1273 679 pleb.
1304 648 1347 671 ne
1373 638 1477 672 fieret
1505 640 1595 673 S.C.
1626 639 1671 673 de
1701 639 1895 678 Galliarum

1180 690 1400 723 successione
1417 691 1630 724 intercessit.
1653 691 1784 727 Manat.
1807 691 1894 730 ‚Aa-

1177 744 1267 781 cepto
1291 743 1407 773 centies
1429 742 1477 775 H.
1500 742 1556 786 S]
1585 741 1673 776 Jure
1698 742 1737 780 iu
1761 752 1894 779 summa

1179 792 1321 833 ambigit
1335 791 1457 832 Aldus,
1468 799 1505 826 et
1516 794 1650 836 spernit
1659 798 1703 827 nt
1711 792 1894 833 minutam.

1177 842 1304 875 Manet
1318 845 1494 877 trecenties.
1538 846 1616 887 Ego
1628 845 1775 878 alterum
1788 845 1892 889 addo,

1175 893 1291 926 scribo
1303 899 1339 927 et
1351 896 1535 929 sexcenties.

1175 945 1267 986 qnod
1308 946 1379 978 Dio
1409 947 1548 980 Cassius
1585 952 1709 991 auctor
1735 948 1797 983 lib.
1822 957 1888 984 xx..

1173 995 1184 1012 ‘
1200 996 1292 1029 omni
1315 1007 1384 1030 aere
1409 998 1534 1040 alieno,
1557 1009 1625 1042 quo
1651 1000 1786 1042 ingenti
1808 1005 1887 1035 erat

1172 1047 1372 1091 obstrictus,
1398 1050 1582 1083 Curionem
1600 1061 1621 1084 a
1637 1052 1774 1086 Caesare
1799 1052 1895 1086 libe·-

1171 1102 1310 1132 ratum.’
1355 1099 1466 1144 Atqui
1487 1102 1497 1120 ‘
1513 1101 1627 1135 forum
1641 1102 1819 1144 nostrum,'
1833 1104 1886 1137 ait

1169 1149 1331 1184 Valerius
1354 1160 1409 1185 rx.
1434 1156 1466 1185 1.
1500 1153 1509 1171 ‘
1535 1153 1694 1187 Curionis
1708 1153 1780 1186 »filii
1804 1164 1884 1188 sex-

1168 1201 1300 1234 centies
1311 1203 1511 1237 sestertium
1522 1204 1600 1237 aeris
1609 1205 1714 1238 alieni
1725 1205 1885 1248 aspexit?

1167 1252 1334 1286 caussam
1346 1253 1451 1287 etiam
1462 1255 1623 1297 alteram,
1635 1256 1728 1299 quod
1741 1256 1886 1294 Plutus-,v

1165 1302 1250 1336 clius
1262 1307 1298 1336 et
1308 1303 1490 1348 Appianas
1500 1307 1736 1350 consentiunt,
1750 1309 1760 1326 ⁶
1771 1308 1883 1342 Paul-

1163 1353 1235 1385 lum
1250 1356 1424 1388 consulem
1436 1361 1589 1399 emptum
1603 1368 1624 1390 a
1636 1358 1773 1392 Caesare
1783 1359 1883 1394 mille

1163 1404 1361 1447 quingentis
1373 1407 1513 1441 talentis
1526 1418 1535 1441 :
1560 1409 1746 1442 Curionem
1759 1415 1877 1446 autem

1162 1456 1293 1498 majore
1322 1458 1428 1491 etiam
1456 1460 1612 1493 summa!
1665 1461 1703 1493 Si
1727 1461 1783 1494 ita
1810 1466 1879 1507 est,

1162 1515 1241 1539 cum
1267 1511 1322 1540 tot
1348 1508 1417 1541 ista
1447 1510 1579 1542 talenta
1617 1511 1735 1552 paullo
1760 1512 1875 1547 minus

1161 1558 1443 1601 quadringenties
1460 1561 1508 1594 H.
1521 1560 1553 1594 S.
1567 1560 1731 1603 efficiant,
1753 1563 1874 1606 quidni

1161 1608 1338 1641 Valerium
1350 1609 1529 1653 audiamus
1540 1612 1572 1644 in
1582 1612 1715 1654 majore
1722 1615 1873 1649 summa?

1159 1657 1301 1700 Lipsius.
1347 1660 1484 1703 Accepto
1508 1663 1626 1696 centies
1651 1663 1700 1697 H.
1714 1663 1769 1706 S.]
1802 1665 1877 1702 Vix

1159 1712 1377 1745 mutaverim.
1425 1714 1599 1746 Ponamus
1611 1715 1675 1748 viri
1685 1715 1780 1749 docti
1793 1725 1872 1750 cor-

1158 1763 1362 1806 rectionem,
1371 1768 1486 1797 tamen
1498 1765 1716 1800 nibilominus
1727 1767 1872 1803 nimium

1155 1818 1325 1855 quantum
1355 1815 1400 1847 ab
1423 1815 1578 1858 Appiani
1605 1816 1695 1860 (agit
1710 1817 1814 1856 debu.
1830 1829 1870 1855 n.

1155 1864 1311 1908 talentis)
1327 1867 1501 1900 exorbitat
1514 1878 1655 1901 summa.
1676 1868 1813 1911 Schegk.

1195 1916 1356 1950 Dismsie
1369 1928 1406 1950 ac
1420 1918 1524 1961 rupit]
1546 1920 1625 1954 Quo
1640 1929 1744 1954 sensu
1758 1922 1880 1956 etiam.

1152 1965 1312 2000 Lucanus
1324 1969 1384 2002 lib.
1400 1978 1427 2002 1.
1443 1969 1598 2004 tribunos
1624 1970 1635 1990 ‘
1645 1969 1746 2010 faces
1759 1972 1865 2014 belli’

1152 2023 1266 2061 vocat,
1295 2020 1487 2064 Curionique
1515 2022 1713 2064 praesertim
1735 2024 1867 2061 oratio-

1151 2080 1243 2112 nem,
1268 2081 1335 2114 qua
1361 2072 1479 2105 Caesar
1504 2073 1548 2106 ad
1572 2073 1770 2108 audendum
1791 2074 1865 2108 bel-

1149 2122 1358 2166 laudumque
1386 2124 1587 2166 instigatur,
1612 2124 1747 2158 tribuit.
1800 2125 1863 2161 Ita

1149 2173 1288 2216 quidem
1318 2184 1363 2207 ex
1389 2179 1488 2217 parte
1516 2175 1686 2210 Caesaris:
1723 2175 1786 2209 sed
1813 2186 1861 2212 ex

1146 2225 1309 2268 Pompeii
1325 2231 1426 2268 parte
1442 2227 1612 2260 Lentulus
1629 2227 1756 2270 aliique
1766 2227 1867 2264 simio.

1145 2276 1213 2309 lem
1224 2286 1404 2310 censuram
1415 2282 1606 2317 merentur,
1617 2278 1757 2321 quinon
1765 2278 1861 2321 pasn'

1147 2332 1227 2363 sunt
1255 2328 1369 2369 ipsum
1399 2329 1496 2370 pacis
1525 2328 1675 2362 consiliis
1705 2328 1856 2366 animun

1144 2378 1308 2420 adjicere.
1331 2378 1475 2412 Boeczer.

1189 2430 1290 2461 Unice
1300 2433 1428 2462 cavente
1438 2429 1606 2472 Cicerone]
1625 2430 1856 2466 commendat

1140 2479 1246 2512 etiam
1277 2481 1388 2513 virum
1419 2482 1589 2523 optimum
1617 2481 1684 2515 hoc
1711 2482 1853 2517 nomine

1138 2530 1321 2563 Plutarch.
1349 2531 1384 2563 in
1410 2532 1502 2565 Caes.
1547 2532 1684 2575 Κικέρων
1707 2532 1727 2566 ὁ
1750 2531 1853 2577 stup,

1138 2580 1209 2623 ἄρτι
1231 2582 1337 2625 παρὼν
1360 2583 1397 2615 ἐκ
1422 2582 1565 2616 Κιλικίας
1585 2583 1640 2616 καὶ
1672 2583 1852 2625 διαλλαγὰς

1137 2631 1295 2674 πράττων,
1321 2632 1481 2673 ἐμάλαττε
1505 2634 1563 2667 τὸν
1583 2634 1754 2675 Boudion·
1780 2636 1800 2670 ὅ
1813 2634 1850 2670 δὲ

1135 2683 1245 2716 τᾶλλα
1258 2687 1432 2728 συγχωρῶν
1441 2685 1513 2719 τοὺς
1521 2686 1716 2728 &perdtus
1725 2685 1850 2730 ἇφῐίρει.

1137 2737 1198 2769 Καὶ
1214 2736 1350 2779 Κικέρων
1378 2737 1436 2778 μὲν
1462 2737 1565 2771 ἔπειθε
1592 2737 1666 2772 τοὺς
1691 2737 1850 2781 Καίσαρα)

1134 2787 1246 2829 φίλους
1274 2787 1477 2821 συνενδόντας
1507 2788 1559 2820 ἐπὶ
1579 2790 1650 2821 ταῖς
1675 2787 1848 2831 εἰρημένας

1134 2839 1312 2882 ἐπαρχίαις,
1324 2839 1377 2872 καὶ
1385 2839 1597 2882 στρατιώταις.
1601 2839 1707 2880 μόνοις
1721 2840 1852 2882 {tecm

1134 2891 1253 2934 χιλίοις
1267 2892 1424 2925 ποιεῖσθαι
1437 2890 1497 2925 τὰ,
1520 2889 1702 2934 meets:
1723 2891 1855 2935 W*

1580 897 1745 930 Causam
1757 897 1869 933 habeo
1878 909 1901 936 z,

1999 1235 2008 1272 ε’

2000 1274 2008 1310 ἐ
