2002 3250
340 249 428 293 268

340 355 452 394 ὑήσους
467 357 714 400 appellarunt,
736 359 800 391 etsi
825 359 965 392 vicenas
979 367 1053 392 ‘nu-

339 417 450 448 mero,
467 412 539 450 aut,
555 413 593 441 ut
609 409 680 450 alii,
696 410 944 453 quadragenas.
966 411 1054 444 Teu·

340 458 458 491 tabam
475 459 593 500 etiam,
614 461 716 492 sedem
739 470 846 502 cepere
858 461 992 494 Lesbum
1003 462 1054 494 in·

338 510 451 551 sulam,
466 503 584 552 ejecta
599 512 740 544 vocula:
765 516 803 544 et
826 511 861 544 id
878 512 979 552 valde
990 523 1054 547 νο-

338 560 474 594 lebam:
500 561 561 594 sed
582 567 730 595 renuunt
747 563 948 606 scriptores,
970 575 1053 608 quo-

340 621 414 643 rum
438 621 538 644 nemo
562 612 644 644 mihi
668 619 790 646 auctor
814 614 860 647 de
881 621 1053 658 occupata

339 661 382 693 ab
399 661 535 694 Orestis
549 662 664 695 liberis
680 663 802 698 Lesbo.
833 665 947 698 Etiam
961 667 1054 699 Pau-

340 712 452 744 sanias
468 712 513 745 de
537 713 623 745 locis
643 713 737 746 circa
759 715 910 748 Lesbum
926 718 1054 758 renuit,

340 764 398 807 qui
411 765 485 797 vult
501 765 536 796 in
548 765 790 809 Corinthiacis,
805 767 815 786 ‘
827 767 1052 802 Tisamenum

340 825 417 848 cum
441 815 510 848 suis
537 816 645 858 copiis
671 817 707 849 in
735 823 872 860 partem
903 819 1052 853 Graeciae

339 866 533 909 devenisse,
554 878 634 911 quae
650 878 742 902 nunc
760 869 890 903 Achaia
905 871 1053 905 dicitur!

339 917 416 951 Imo
431 918 524 951 idem
539 919 676 954 lib.v11.
690 920 801 962 initio,
817 923 961 964 periisse
972 932 1052 955 eum

338 968 375 1000 in
386 967 520 1002 Achaia
534 976 667 1011 narrat,
678 972 798 1014 praelio
808 982 886 1005 cum
898 973 1054 1016 Ionibus,

338 1024 376 1052 et
390 1019 424 1052 in
442 1021 567 1054 Helice
583 1022 769 1064 sepultum.
798 1023 925 1066 Itaque
941 1028 981 1058 et
993 1034 1052 1057 ne-

338 1075 440 1114 potes
455 1072 594 1105 Orestis
617 1073 653 1105 iu
675 1073 800 1106 eadem
824 1074 958 1108 Achaia
980 1076 1052 1109 col-

338 1123 444 1166 locat,
459 1125 580 1158 eodem
596 1124 657 1158 lib.
673 1134 741 1159 vn.
764 1126 854 1168 Lips-

383 1178 472 1211 CAP.
489 1181 521 1212 3.
544 1178 658 1212 Achaei
672 1190 714 1212 ex
727 1180 901 1224 laconica]
932 1181 1048 1215 Strab.

338 1229 360 1261 l.
386 1238 467 1263 vm.
494 1229 529 1262 ἐν
553 1232 620 1263 τοῖς
647 1229 818 1272 ’Ammaia
862 1233 990 1276 Polyb.
1006 1243 1051 1267 ιι.

338 1290 372 1321 p.
390 1282 464 1314 128.
495 1281 648 1315 Pausan.
664 1282 810 1317 Achaic.
827 1294 882 1326 pr.
906 1285 1053 1318 Boecler.

341 1341 349 1349 ⁴
381 1333 515 1374 Pelasgi
535 1334 696 1376 Athenas]
739 1335 876 1377 Lipsius
903 1336 1052 1369 miratur

338 1383 544 1426 Dionysium
560 1384 619 1417 lib.
636 1393 662 1417 ι.
684 1385 882 1419 ᾱυῐιιοιιειιε
897 1390 935 1419 et
949 1386 1051 1419 sedes

337 1433 564 1477 Pelasgorum
586 1436 782 1479 exequitur,
803 1437 932 1470 nullam
956 1437 1051 1470 Atii-

337 1495 390 1518 cae
407 1486 617 1523 mentionem
640 1486 770 1520 facere.
815 1486 923 1531 Atqui
939 1489 1051 1521 conti-

337 1537 486 1570 uebatur
507 1538 541 1570 id
557 1539 632 1580 jam
647 1539 683 1572 in
700 1538 814 1572 verbis
827 1539 1051 1582 Thucydidis,

337 1597 415 1630 quae
441 1598 485 1620 ex
512 1589 573 1622 lib.
596 1598 647 1622 1v.
677 1590 866 1633 Dionysius
892 1591 1050 1633 adducit,

337 1639 396 1676 ubi
417 1639 427 1657 ‘
440 1640 581 1683 Pelasgi
596 1641 764 1673 Lemnum
785 1641 866 1674 olim
889 1646 925 1674 et
940 1641 1050 1675 Athe-

337 1701 399 1723 nas
414 1691 611 1724 incoluisse?
627 1692 800 1725 dicuntur.
832 1693 889 1726 De
904 1697 1049 1737 utraque

338 1741 421 1774 sede
436 1741 543 1778 etiam
555 1742 683 1775 Strabo
697 1744 723 1776 l.
739 1752 774 1777 v.
792 1754 827 1786 p.
840 1746 918 1777 221.
963 1745 1051 1778 Fue-

337 1796 418 1827 runt
434 1797 550 1825 autem
567 1793 707 1836 Pelasgi
723 1803 812 1836 vaga
826 1799 863 1827 et
876 1794 1051 1837 migr-atim

336 1845 437 1877 nibus
448 1845 569 1878 dedita
580 1855 676 1887 gens,
684 1844 890 1879 πολύπλανον
900 1846 953 1879 καὶ
962 1846 1049 1888 ταχὺ

335 1895 375 1929 τὸ
395 1895 482 1930 ἔθνος
504 1896 580 1940 πρὸς
605 1896 847 1939 ἐπαναστάσεις,
877 1902 968 1932 teste
993 1909 1051 1932 co·

336 1947 414 1980 dem
430 1948 493 1981 lib.
510 1956 598 1981 x111.
615 1958 649 1991 p.
671 1951 748 1981 621.
765 1949 858 1981 uude
879 1959 901 1981 a
916 1950 1049 1992 Diony-

335 1998 389 2031 sIo
402 1999 562 2037 πλανῆται
575 2003 743 2032 vocantur
755 1999 814 2032 lib.
827 2008 868 2032 11.
884 2009 938 2042 pr.
952 1999 1050 2043 xPor-

337 2059 376 2087 ro
391 2059 468 2092 quae
488 2049 647 2082 Athenas
663 2050 911 2092 commigrandi
927 2051 1051 2093 pleris-

339 2111 408 2144 que
423 2111 549 2143 caussa
563 2101 671 2134 fuerit
690 2101 848 2144 Thucyd.
869 2102 1051 2135 annotavit

337 2152 396 2193 lib.
412 2162 437 2186 1.
467 2153 503 2186 ἐκ
517 2152 580 2195 ’γὰρ
593 2153 650 2192 τῆς
665 2151 768 2192 ἄλλης
781 2151 937 2186 Ἑλλάδος
943 2153 981 2186 oi
994 2166 1051 2186 πο-

335 2203 430 2246 λέμῳ,
445 2203 466 2243 ἢ
485 2202 598 2237 στάσει
627 2203 831 2243 ἐκπίπτοντες
855 2209 926 2246 παρ’
961 2205 1051 2245 ’Aon-

334 2255 438 2291 ναίους
448 2256 478 2288 οἱ
492 2255 715 2298 δυνατώτατοι,
724 2255 765 2288 ὣς
778 2255 972 2299 βέβαιονρν,
984 2256 1052 2290 ἆνε-

334 2306 476 2349 χῶρουνι
501 2307 557 2346 Ex
570 2310 676 2340 cetera
689 2307 772 2347 enim
790 2307 920 2340 Graecia
942 2311 1051 2350 potem

334 2357 452 2392 tissimi
476 2357 588 2399 quique
613 2357 690 2390 bello
706 2361 762 2390 aut
782 2357 935 2390 seditione
955 2359 1051 2401 pulsi,

335 2408 656 2450 Athenas„tanquam
678 2409 825 2442 stabilem
845 2410 963 2451 sedem,
984 2418 1051 2442 sese

334 2458 547 2501 conserebant,
573 2465 612 2492 ut
634 2459 743 2492 habet
757 2460 871 2494 versio
894 2461 1052 2494 Genero-

335 2510 460 2543 sissimi
477 2511 693 2544 Euenckelii.
718 2511 818 2543 Idem.

338 2589 342 2591 s
377 2561 536 2603 Athenas]
559 2561 750 2595 Pausanias
765 2561 827 2594 lib.
836 2569 862 2595 ι.
877 2561 1049 2595 habitasse

336 2612 432 2645 vult·
423 2622 532 2654 1psam
549 2621 679 2653 arcem.

336 2692 343 2697 .
378 2662 430 2704 Ab
445 2662 513 2703 ejus
526 2662 650 2695 nomine
666 2660 842 2703 Thessalia]
862 2648 989 2695 Strabo
1004 2662 1049 2695 de

336 2713 521 2746 Thessalia}
538 2712 733 2754 nominibus
748 2717 786 2746 et
805 2712 979 2753 nominum
996 2723 1050 2745 ra-

337 2765 486 2803 tionibus
511 2765 665 2807 disserit,
692 2764 761 2798 fine
787 2765 850 2799 lib.
879 2774 933 2799 1X.
959 2766 1049 2805 adde

336 2815 470 2858 Scalig.
507 2816 735 2851 animadvers.
774 2816 902 2851 Euseb.
940 2816 983 2850 ad
1014 2827 1049 2851 ιι.

337 2874 491 2899 ccxxvi.
508 2865 568 2898 ubi
585 2867 594 2884 ‘
609 2867 789 2901 Thessalus
804 2867 924 2900 Graeci
939 2867 1049 2900 filius'

337 2920 556 2955 memoratur.
601 2916 773 2955 Diodorus
789 2918 850 2953 lib.
864 2928 913 2957 iv.
928 2920 1048 2963 appel-

651 263 793 296 NorAE
831 264 1098 297 VARwRUM
1134 265 1185 298 ιΝ
1220 257 1507 302 PATERGUM

1102 362 1265 396 lationem
1282 374 1302 398 a
1327 365 1495 400 Thessalo
1517 367 1654 401 Jas'ouis
1679 366 1717 402 e‘t
1739 367 1816 403 Me-

1101 413 1177 447 deae
1192 414 1263 449 filio
1286 418 1428 460 repetit,
1453 428 1519 451 non
1537 419 1751 454 dissimulans
1766 425 1817 455 ta-

1101 475 1180 498 men
1203 476 1279 500 esse
1302 468 1388 501 alias
1413 469 1456 502 de
1483 470 1548 503 hoc
1575 472 1713 505 nomine
1736 472 1817 515 ‘opi-

1101 516 1231 560 niones,
1258 518 1302 551 de
1328 520 1452 562 quibus
1474 521 1558 553 alibi
1583 522 1741 556 dicturus
1757 523 1817 557 sit.

1101 568 1200 602 Dixit
1228 569 1320 603 haud
1350 570 1476 605 dubie:
1499 572 1561 605 sed
1585 577 1740 607 vetustas
1767 574 1817 607 iu·

1102 620 1266 662 tercepit.
1293 621 1434 655 Boecler.

1107 681 1113 685 ·
1147 670 1317 713 Convenit]
1347 672 1452 704 Nulla
1476 677 1553 706 erat
1576 674 1665 707 ratio
1689 674 1816 708 idonea

1101 730 1165 754 cur
1180 721 1246 755 hoc
1272 723 1414 755 convenit
1437 724 1471 756 in
1495 723 1638 757 subvenit
1663 729 1818 759 mutaret

1101 771 1296 806 Acidalius.
1350 773 1499 807 Prorsus
1525 778 1617 808 enim
1644 770 1722 809 cum
1746 777 1816 811 ele·

1102 824 1220 866 gantia
1250 824 1284 856 id
1312 825 1467 858 Velleius
1494 826 1696 869 scripserat,
1723 828 1816 861 sicut

1102 875 1199 907 alias.
1222 876 1233 894 ‘
1250 876 1323 908 Par
1336 876 1417 918 est,’
1436 875 1513 910 ‘fas
1523 877 1600 919 est,’
1614 878 1727 912 eidem
1743 888 1818 912 seu·

1102 926 1154 958 sui
1169 925 1300 958 servire
1314 926 1479 960 videmus.
1501 929 1602 962 Idem.

1147 977 1239 1014 Quod
1267 987 1338 1010 cum
1364 978 1423 1010 alii
1440 978 1587 1021 faciant]
1621 944 1816 1015 obnubilat

1101 1027 1323 1069 splendorem
1358 1029 1524 1062 orationis
1561 1039 1642 1071 vox,
1674 1030 1816 1070 facim.

1103 1079 1324 1113 Commodius
1344 1080 1681 1123 subintelligeretur,
1702 1081 1816 1124 inquit

1103 1129 1287 1164 Gruterus.
1333 1130 1479 1164 Inte-rim
1491 1135 1626 1165 certum
1642 1137 1708 1174 est,
1732 1133 1817 1166 Vel·

1101 1180 1208 1216 leinm
1235 1185 1421 1224 tantopere
1444 1182 1624 1224 elegantiae
1652 1183 1815 1217 dictimis

1102 1242 1170 1266 non
1186 1233 1376 1276 studuisse,
1402 1235 1484 1277 quin
1511 1235 1619 1267 multa
1644 1236 1815 1278 ejusmodi

1102 1284 1291 1327 simplicius
1300 1284 1396 1318 dicta
1411 1285 1628 1319 admitteret.
1666 1287 1710 1320 Id
1723 1288 1816 1331 quod

1102 1335 1146 1368 de
1160 1336 1330 1379 plerisque
1344 1337 1558 1380 auctoribus,
1569 1337 1673 1370 etiam
1687 1339 1816 1381 poetis,

1100 1387 1302 1420 existimare
1338 1389 1524 1424 convenit..
1582 1389 1634 1422 Ut
1666 1389 1816 1424 fortasse

1101 1438 1230 1472 frustra
1252 1440 1332 1481 siut,
1360 1439 1492 1483 quiad
1506 1439 1687 1483 περιεργίαν
1707 1451 1816 1485 usque

1101 1490 1258 1524 criticam
1287 1500 1470 1524 censuram
1502 1498 1669 1526 exercere
1691 1493 1814 1527 velint.

1102 1542 1203 1576 Idem.

1104 1611 1108 1616 ι
1146 1592 1341 1627 Νϋιίῑ,εηίιιι
1354 1604 1396 1628 ex
1408 1605 1540 1637 persona
1552 1594 1670 1637 poiitoe]
1685 1596 1695 1623 ἴ.
1705 1594 1814 1629 Secus

1101 1650 1156 1678 est
1181 1645 1217 1678 in
1232 1646 1342 1688 Epica
1368 1646 1488 1689 poesi:
1513 1645 1574 1679 ubi
1599 1655 1643 1679 ex
1667 1654 1815 1689 persona

1100 1696 1216 1739 poetae
1244 1698 1354 1730 multa
1379 1697 1647 1739 interseruntur,
1671 1701 1814 1730 ut‘inox

1100 1748 1263 1782 observat
1279 1749 1410 1781 Noster
1427 1748 1522 1781 cirea
1546 1747 1815 1790 appellationem

1100 1799 1269 1834 Corinthi.
1295 1799 1307 1818 ‘
1324 1799 1465 1841 Quippe
1481 1798 1590 1832 omnis
1606 1799 1722 1841 poiitoe
1736 1807 1814 1831 ora-

1098 1849 1163 1889 tio,
1181 1852 1254 1881 'avit
1269 1848 1466 1882 narratione
1481 1848 1643 1891 simplici,
1662 1849 1813 1882 autsola

1097 1899 1306 1942 imitatione,
1318 1905 1380 1933 aut
1390 1904 1539 1942 utroque
1553 1901 1702 1933 constat}
1730 1899 1816 1933 sim-

1095 1951 1174 1993 plici
1202 1951 1404 1984 narratione:
1442 1949 1615 1983 utzArati
1642 1950 1686 1983 de
1713 1951 1815 1984 astris

1099 2001 1193 2043 apud
1230 2001 1401 2044 Gnaeos„
1426 2002 1584 2035 Lucretii
1613 2002 1658 2035 de
1678 2005 1815 2035 :natura

1099 2052 1193 2095 apud
1236 2053 1379 2086 Latinos
1407 2053 1546 2095 poema.
1589 2053 1814 2087 junctione.-

1099 2115 1177 2138 cum
1202 2104 1487 2147 sublatis·poet'ae
1507 2114 1584 2148 quae
1599 2105 1814 2139 interserun-

1100 2159 1158 2188 tur
1187 2156 1302 2190 verbis
1318 2156 1408 2188 solae
1428 2165 1593 2198 personae
1619 2165 1814 2198 repraeaeu·

1101 2205 1393 2250 ,tantum-quibus
1419 2216 1533 2238 sermo
1557 2206 1667 2239 omnis
1691 2205 1815 2239 tribui-

1100 2260 1170 2291 tur.
1225 2255 1328 2291 Quod
1358 2265 1437 2288 cum
1464 2256 1499 2288 in
1526 2256 1710 2298 comoedia,
1734 2260 1810 2289 tum

1100 2312 1138 2341 et
1161 2309 1198 2340 in
1233 2307 1429 2350 Tragoedia,
1461 2307 1538 2340 fieri
1566 2311 1637 2341 est·
1657 2317 1811 2343 necesse.

1099 2358 1234 2394 Quibus
1264 2358 1413 2400 ideoque
1443 2357 1586 2400 proprie
1615 2368 1637 2391 a
1661 2359 1811 2393 Platone

1098 2409 1238 2442 imitatio
1268 2409 1445 2445 tribuitur.
1505 2410 1678 2452 Ueroque:¹
1695 2420 1812 2454 qnem-

1099 2459 1284 2492 admodum
1299 2459 1334 2491 in
1358 2459 1459 2501 epico
1479 2459 1627 2494 Homeri
1653 2462 1812 2495 autma-

1099 2509 1202 2543 tonis.
1255 2509 1299 2542 In
1328 2519 1398 2552 quo
1425 2510 1570 2543 aliorum
1599 2511 1812 2545 sermonibus

1099 2570 1193 2603 saepe
1235 2560 1357 2603 poetae,
1392 2560 1634 2599 interseritur?
1691 2562 1812 2596 Libuit

1097 2611 1174 2644 haec
1189 2611 1233 2643 ad
1260 2611 1499 2644 illustrandam
1522 2611 1633 2644 nostri
1649 2611 1812 2649 Auctoris

1097 2672 1279 2696 censuram
1297 2662 1411 2699 verbis
1425 2663 1520 2695 Dan.
1547 2662 1683 2697 Heinsii
1703 2673 1810 2706 expo-

1097 2723 1195 2754 nere,
1219 2713 1329 2756 quiin
1353 2712 1810 2750 subtilissimae-eruditionis

1098 2763 1348 2797 commentario
1369 2763 1414 2797 de
1431 2763 1619 2796 Constitut.
1643 2763 1810 2807 Tragoed.

1097 2825 1174 2858 cap.
1187 2817 1219 2853 2.
1231 2823 1275 2846 ex
1287 2818 1405 2847 mente
1420 2813 1580 2848 Platonis
1592 2813 1644 2846 ita
1658 2813 1811 2850 disserit.

1098 2866 1211 2899 Idem.

1098 2948 1100 2950 .
1140 2916 1171 2951 A
1200 2915 1359 2961 Thessalo]
1382 2916 1391 2933 ‘
1405 2915 1587 2950 Thessaliae
1604 2925 1728 2963 nomen
1739 2926 1807 2955 non
