2008 3210
324 225 412 269 490
765 237 1026 272 κΕοΕΝευε
1060 239 1348 274 nnn-ionum

341 386 348 394 ἠ
376 333 528 384 tiquam
555 332 774 384 religiosius
797 336 1017 382 revocavit,
1042 335 1301 390 religioseque
1328 338 1499 391 vestigiis
1526 339 1706 381 lectionis
1733 354 1801 382 an-

369 398 493 449 tiqnae
514 397 709 445 insistens,
747 398 924 438 modeste
947 399 1071 440 bonas
1091 402 1380 442 emendationes
1400 410 1439 443 et
1459 404 1602 444 doctas
1623 407 1800 458 protulit,

377 461 659 514 scriptorisque
678 463 798 502 verba
813 470 852 503 et
872 477 932 503 res
952 465 1113 505 traditas
1132 467 1278 518 passim
1299 469 1397 508 bene
1418 471 1621 522 explicuit.
1650 470 1804 512 Prodiit

380 527 467 578 ejus
487 527 608 566 editio
629 528 703 567 hoc
725 528 839 567 titulo
857 542 867 568 ε

333 590 436 637 1639
466 592 525 630 Μ.
544 591 683 630 velleii
701 592 896 631 Paterculi
923 592 1095 633 historiae
1128 595 1317 636 Romanae
1337 611 1427 649 quae
1457 605 1679 651 supersunt,
1714 612 1806 639 cum

382 655 485 696 notis
506 657 679 695 Gerardi
698 656 828 696 Vossii
847 658 903 697 G.
924 659 967 698 F.
989 658 1174 711 Lugduni
1193 661 1280 700 Bat.
1313 676 1360 700 ex
1379 662 1532 702 officina
1551 664 1807 705 Elzeviriana.

389 727 452 762 12.
491 721 594 767 Quae
611 721 734 762 editio
753 722 808 762 ita
828 723 992 775 placuit,
1017 731 1060 763 ut
1078 725 1221 777 saepius
1240 726 1280 765 in
1301 727 1435 779 Belgio
1455 735 1494 768 et
1515 729 1730 769 Germania
1749 743 1808 769 re·

386 791 598 837 peteretur.
1712 787 1719 796 ”

442 851 624 890 Vossium
645 851 773 891 secuti
793 858 882 891 sunt
901 852 1086 900 editores,
1118 853 1184 906 qui
1205 855 1379 907 priorum
1398 857 1629 898 criticorum
1650 858 1809 910 conjec-

390 915 488 955 turis
509 916 560 955 ad
580 922 729 956 textum
753 917 888 957 Velleii
910 919 1230 959 constituendum
1250 920 1493 974 frequentius
1514 924 1574 963 risi
1593 929 1698 972 sunt,
1716 937 1814 977 quo-

391 994 475 1020 rum
495 981 612 1032 primi
631 981 791 1021 fuerunt
819 984 884 1023 J0.
906 983 1028 1024 Henr.
1050 986 1257 1026 Boeclerns
1287 994 1328 1027 et
1361 988 1450 1027 Nic.
1489 988 1686 1029 Heinsius.
1738 989 1812 1028 Ille

391 1046 550 1097 quidem
572 1047 676 1099 typis
699 1049 868 1088 exscribi
887 1050 1040 1089 curavit
1061 1050 1328 1092 Paterculum.

342 1109 444 1152 1642
474 1113 739 1164 Argentorati.
772 1119 809 1152 8.
844 1128 935 1153 cum
955 1115 1058 1154 notis
1078 1116 1221 1168 partim
1243 1118 1362 1157 verba
1380 1124 1421 1157 et
1441 1131 1501 1157 res
1520 1119 1815 1167 illustrantibus,

392 1179 531 1230 partim
552 1187 755 1233 praecepta
769 1181 860 1220 vitae
875 1187 913 1221 et
932 1183 1028 1221 artis
1047 1183 1169 1222 civilis
1188 1184 1486 1232 exhibentibus,
1509 1199 1588 1225 una
1607 1199 1698 1225 cum
1716 1186 1817 1226 Cha-

393 1244 611 1284 racteribus
646 1245 818 1297 politicis
847 1252 887 1285 et
920 1246 1025 1286 Diss.
1046 1248 1097 1287 de
1130 1249 1350 1296 Amnestia,
1380 1254 1654 1302 necnonjcum
1682 1251 1818 1291 Indice

394 1321 523 1346 rerum
543 1314 585 1348 et
604 1309 826 1349 Latinitatis
847 1310 897 1350 ab
918 1311 1005 1363 ipso
1025 1311 1223 1359 confecto,
1244 1314 1311 1365 qui
1331 1314 1453 1354 instar
1485 1316 1536 1355 sit
1569 1315 1700 1355 Clavis
1729 1316 1821 1356 vel-

393 1373 544 1413 leianae.
589 1374 770 1426 Repetita
791 1380 853 1415 est
874 1376 958 1415 haec
973 1375 1094 1415 editio
1115 1376 1212 1416 ibid.
1237 1377 1354 1419 1663.
1374 1386 1415 1419 et
1436 1378 1554 1420 1682.
1571 1380 1642 1419 sed
1664 1381 1820 1421 omissis

397 1437 459 1484 iis,
481 1439 625 1490 quibus
642 1440 886 1480 redundabat
905 1442 1028 1493 prior,
1054 1448 1095 1481 et
1114 1448 1238 1489 textu,
1267 1450 1310 1482 ut
1328 1442 1471 1494 prae‘se
1491 1445 1642 1485 ferebat
1661 1446 1822 1486 Boecle-

397 1516 478 1550 rus,
511 1504 658 1556 puriori
676 1519 686 1550 ;
722 1505 761 1543 in
797 1519 876 1558 quo
914 1506 1187 1546 constituendo
1221 1508 1493 1559 recipiendum
1533 1522 1619 1549 esse
1651 1512 1822 1561 putavit,

399 1568 590 1621 quicquid
611 1571 704 1610 boni
724 1577 766 1611 et
785 1571 863 1610 veri
880 1584 904 1610 a
922 1571 1121 1623 prioribus
1140 1572 1358 1612 editoribus
1378 1572 1429 1612 ad
1450 1573 1627 1614 sananda
1646 1574 1737 1614 vitia
1757 1588 1826 1615 co-

401 1633 502 1672 dicis
522 1642 563 1675 et
582 1635 767 1676 editionis
799 1649 860 1688 pr.
881 1630 1082 1687 prolatum
1111 1650 1196 1676 esse
1217 1637 1291 1675 sibi
1322 1637 1545 1678 videbatur.
1600 1639 1741 1691 ltaque
1771 1641 1825 1680 ab

402 1699 598 1747 omnibus,
618 1704 659 1750 (a
680 1701 815 1753 Lipsio
834 1702 950 1755 longe
964 1702 1111 1753 plura,)
1129 1715 1410 1754 nonnunquam
1425 1703 1538 1743 nimis
1549 1703 1729 1753 fidenter,
1750 1718 1825 1746 nec

403 1764 542 1805 critico
562 1767 744 1806 acumine
765 1768 926 1815 ductus,
947 1769 1111 1820 recepit.
1148 1770 1238 1820 Ipse
1252 1769 1488 1820 paucissima
1508 1769 1628 1809 modo
1645 1771 1826 1811 tentavit.

459 1830 562 1875 Quae
583 1831 882 1883 subsequuntur
901 1832 1094 1872 editiones
1125 1846 1251 1884 usque
1271 1833 1322 1872 ad
1342 1834 1595 1873 Heinsianam
1618 1834 1737 1882 1678.
1768 1835 1830 1876 vel

407 1907 455 1933 ex
475 1896 795 1936 antecedentibus
817 1897 993 1949 repetitae
1012 1903 1116 1944 sunt,
1148 1898 1207 1936 vel
1228 1898 1260 1936 si
1279 1898 1368 1938 novi
1388 1898 1484 1950 quid
1517 1898 1558 1938 in
1587 1898 1632 1938 iis
1652 1899 1830 1949 allatum,

407 1959 504 1999 nihil
536 1967 666 2001 tamen
696 1976 745 2001 eo
777 1963 828 2002 ad
849 1963 1177 2011 emendationem,
1205 1964 1255 2002 ud
1286 1963 1644 2015 interpretationem
1676 1978 1830 2017 parum,

409 2026 580 2077 profecit
597 2028 786 2068 Velleius.

359 2088 464 2130 1644
493 2092 540 2131 C.
562 2092 698 2132 Velleii
725 2094 922 2133 Paterculi
942 2094 1114 2133 historiae
1135 2095 1323 2133 Romanae
1345 2095 1452 2134 Libri
1471 2094 1566 2142 duo,
1600 2108 1689 2134 cum
1708 2108 1833 2136 anno-

411 2156 626 2197 tationibus
646 2158 789 2210 AEgidii
809 2159 978 2199 Lacarri.
998 2159 1164 2198 Parisiis.
1191 2159 1466 2200 12.—Nullins
1481 2159 1670 2206 momenti
1689 2159 1835 2200 dicitur

413 2222 654 2261 Burmanno.

361 2284 466 2334 1647
496 2288 540 2325 ln
561 2287 733 2328 historiae
751 2289 943 2334 Romanae
971 2288 1175 2340 Epitomis.
1205 2287 1499 2335 Amstelodami,
1536 2291 1642 2341 apud
1678 2291 1836 2329 ,iansso-

363 2390 366 2393 .
414 2352 538 2401 nium,
562 2354 627 2394 16.

362 2439 416 2446 —-
430 2419 489 2456 Ex
509 2418 781 2458 emendatione
799 2418 900 2458 Justi
931 2419 1068 2471 Lipsii.
1101 2419 1269 2467 Parisiis,
1291 2393 1400 2471 apud
1422 2419 1578 2458 viduam
1602 2420 1667 2460 Jo.
1686 2420 1836 2462 Libert.

420 2490 484 2524 12-

365 2548 469 2595 1649
497 2549 605 2588 Inter
624 2547 796 2588 historiae
816 2549 932 2588 Rom,
953 2548 1173 2601 Epstomas,
1198 2562 1220 2588 a
1235 2548 1327 2588 Nic.
1347 2549 1570 2588 Blancardo
1589 2548 1716 2588 editas
1738 2549 1840 2601 Lug·
1879 2563 1884 2566 ⁴

420 2613 516 2653 duni
536 2615 627 2653 Bat.
652 2620 715 2655 12.

368 2678 472 2719 1653
502 2680 562 2720 Ex
587 2679 814 2719 recensione
834 2679 1008 2727 Gruteri‚
1037 2679 1076 2718 in
1103 2679 1225 2718 Tom.
1248 2690 1280 2718 1.
1301 2679 1548 2731 Scriptorum
1572 2677 1743 2719 historiae
1763 2677 1840 2716 Ro-

423 2757 546 2784 manae
566 2745 651 2784 Lat.
674 2745 865 2791 Genevae,
887 2758 958 2797 per
978 2745 1082 2784 Sam.
1099 2744 1267 2784 Chouet.
1289 2743 1370 2784 Fol.
