2002 3250
333 270 421 313 146

334 390 436 434 quae
464 376 619 422 Caesar
646 375 969 434 postulaverat,
989 372 1305 418 ‘tantummodo
1336 374 1571 415 contentus
1600 374 1819 416 cum-una

332 446 508 501 legione
528 447 703 489 titulum
723 445 910 488 retinere
931 443 1199 499 provinciae,
1215 441 1418 497 privatus
1437 440 1485 483 in
1498 440 1675 488 ‚Urbem
1691 441 1820 485 ‘veni-

332 518 438 567 ret,4
457 519 501 558 et
522 528 572 558 se
593 516 639 557 in
658 515 876 570 petitione
897 511 1159 554 consulatus
1183 510 1410 565 suffragiis
1429 510 1589 566 populi
1618 509 1819 561 *Romani

334 583 646 635 committeret,
668 583 931 625 decrevere:
949 584 1073 623 ratus
1092 579 1352 623 bellandum
1372 578 1543 631 Caesar,
1566 591 1669 622 cum
1689 584 1818 621 exer·-

333 651 427 693 citu
454 651 754 694 Rubiconemu
785 650 972 693 transiit.
974 649 994 674 ἆ
1037 647 1131 692 Cn.
1153 649 1406 704 Pompeius
1441 648 1740 703 consulesque
1772 650 1819 689 et
1830 653 1838 686 ζ

331 719 478 775 major
497 732 602 775 pars
622 722 821 771 senatus,
841 718 999 762 relicta
1011 717 1170 771 Urbe,
1183 730 1236 761 ac
1258 716 1420 762 deinde
1440 716 1606 768 Italia,
1615 715 1819 760 transmi-

333 801 433 831 sere
455 788 798 843 Dyrrhachium.
802 793 820 811 ³²
1748 815 1756 824 .
1810 802 1817 823 ·.

388 857 460 899 50.
491 855 558 899 At
579 855 735 899 Caesar
767 856 988 899 Domitio
997 855 1340 911 legionibusque
1361 853 1583 905 Corfinii,⁵.'
1603 865 1714 908 quae
1724 854 1830 896 una*

333 938 436 967 cum
455 938 508 967 eo
527 924 717 976 fuerant,
733 925 924 980 potituS,
943 925 1059 967 duce
1089 924 1295 979 aliisque,
1316 925 1397 979 qui
1419 923 1679 967 voluerant⁵
1694 921 1818 964 abire

331 993 390 1036 ad
411 993 699 1049 Pompeium,
718 994 815 1036 sine
836 993 1053 1036 dilatione
1087 993 1302 1044 dimissis,
1337 994 1597 1048 persecutus
1627 988 1818 1032 Brundi*

330 1062 482 1113 sium:
501 1060 588 1103 ita⁶
617 1064 666 1103 ut
683 1064 937 1116 appareret,
959 1061 1111 1112 malle,
1131 1060 1315 1115 integris
1333 1061 1468 1103 rebus
1488 1062 1533 1102 et
1552 1058 1822 1110 conditioni-3

329 1131 448 1182 bus,z
466 1129 592 1172 finire
611 1130 802 1182 bellum,
824 1143 962 1185 quam
991 1129 1240 1185 opprimere
1269 1129 1505 1184 fugientes,
1539 1141 1643 1171 cum
1660 1130 1819 1174 >trans-

327 1203 505 1253 gressos
531 1199 771 1255 reperisset
789 1199 1012 1250 consuleS,
1047 1199 1095 1241 in
1114 1197 1287 1240 Urbem
1315 1197 1526 1241 revertit:
1556 1195 1817 1251 redditaque

326 1267 495 1309 ratione
528 1267 813 1310 consiliorum
852 1279 1031 1309 suorum
1056 1267 1103 1308 in
1142 1268 1303 1308 senatu
1333 1270 1380 1307 et
1416 1265 1465 1308 in
1505 1263 1734 1315 concione,
1762 1275 1817 1305 ac

327 1335 588 1378 miserrimae
603 1335 991 1386 necessitudinis?
1003 1347 1104 1377 cum
1121 1334 1302 1377 alienis⁷
1319 1334 1455 1377 armis
1476 1334 1535 1376 ad
1550 1345 1676 1376 arma
1693 1333 1817 1375 coni-

326 1403 485 1458 pulsus
502 1407 637 1456 esset,
657 1404 909 1460 Hispanias
936 1407 1088 1459 petere
1108 1403 1316 1446 decrevit.
1376 1402 1727 1445 Festinationem
1743 1400 1818 1442 iti-

326 1473 442 1529 neris
456 1473 554 1530 ejus
573 1473 851 1530 aliquamdiu
862 1476 1036 1517 morata
1051 1471 1281 1516 Massilia?
1293 1475 1378 1525 est,
1390 1471 1478 1514 fide
1498 1471 1668 1524 melior,
1677 1481 1817 1526 quam

770 281 814 313 G.
846 277 1054 311 VELLEII
1087 275 1379 310 PATERcum

371 1612 389 1634 ἆ
412 1611 563 1646 simulac
577 1613 705 1653 rejectis
719 1613 874 1655 omnibus,
885 1622 954 1656 (μα’
973 1614 1083 1646 Coesar
1101 1612 1254 1655 petierat,
1269 1612 1383 1645 deinde
1404 1614 1521 1654 patres
1542 1611 1757 1651 decreverunt,
1775 1616 1816 1644 ut

329 1656 449 1688 caesar
462 1656 584 1689 veniret
595 1657 630 1689 in
645 1657 752 1690 urbem
760 1638 918 1699 privaius,
932 1660 1097 1689 contentus
1110 1657 1210 1688 solum
1223 1656 1360 1688 retinere
1373 1665 1444 1687 cum
1458 1665 1522 1687 unu
1543 1654 1667 1694 legione
1685 1654 1816 1687 titulum

327 1698 490 1741 praefecti
509 1700 691 1741 provinciae,
706 1704 737 1733 et
752 1705 792 1734 ut
807 1711 840 1734 se
854 1701 1021 1740 subjiceret
1033 1700 1203 1751 suffragiis
1219 1699 1330 1742 populi
1355 1698 1493 1731 Romani
1519 1698 1554 1730 in
1575 1698 1730 1739 petitione
1743 1708 1816 1732 con-

326 1743 470 1782 sulatum
496 1745 606 1776 Caesur
620 1744 773 1785 ‚iudicans
788 1744 864 1787 jam
885 1753 976 1777 nunc
1003 1744 1096 1776 serio
1112 1743 1227 1776 bellum
1251 1752 1318 1776 esse
1328 1743 1516 1784 gerendum,
1530 1740 1662 1774 transiit
1678 1740 1824 1774 Rubico-1

320 1794 398 1818 uem
411 1797 480 1819 cum
492 1788 645 1821 exercitu.

372 1830 452 1863 ‘At
470 1830 594 1872 Caesar,
606 1841 677 1864 cum
699 1831 831 1873 cepisset
852 1830 1032 1864 Domitium
1045 1833 1078 1863 et
1091 1830 1242 1872 legiones,
1263 1839 1332 1872 quae
1345 1838 1410 1861 una
1433 1838 1505 1860 cum
1527 1837 1562 1861 eo
1574 1828 1713 1869 fuerant
1737 1822 1819 1860 Gor'·

317 1873 409 1916 sinii,
425 1873 565 1906 dimissis
578 1874 646 1907 sine
659 1884 748 1907 mora
762 1876 840 1907 duce
854 1878 887 1908 et
901 1875 987 1917 aliis,
1003 1874 1058 1917 qui
1072 1873 1237 1907 voluerant
1255 1873 1343 1906 abire
1357 1874 1399 1905 ad
1413 1872 1614 1914 Pompeium,
1633 1874 1816 1914 persecutus

326 1917 397 1949 iter
411 1926 519 1960 usque
533 1917 757 1961 Brundisium,
768 1918 822 1959 ᾂσ.

328 2067 516 2103 Ruhnken.
529 2069 668 2110 cuiusvis
671 2073 746 2103 -4
769 2070 836 2106 Ed.
850 2080 904 2112 p.r
928 2070 1048 2112 venire,
1075 2074 1113 2103 et
1129 2079 1210 2103 mox
1223 2069 1441 2105 committere.-
1464 2067 1620 2102 correxit
1642 2076 1725 2100 vero
1749 2067 1815 2102 Ed

327 2112 423 2147 Basil
427 2117 500 2147 .—5
519 2113 584 2149 Ed.
595 2123 647 2159 pr.
659 2117 823 2150 venerant.
826 2116 891 2147 -6
906 2114 1094 2150 Ruhnken.
1107 2114 1271 2147 Brundus.
1282 2113 1360 2156 iter,
1368 2115 1415 2155 ut,
1426 2114 1481 2155 ⁸5⁶·
1483 2114 1549 2144 -7
1566 2111 1688 2145 Herel.
1700 2111 1815 2155 affinis.

994 2231 1141 2267 NOTAE

1098 2313 1180 2346 dum
1194 2312 1238 2364 de
1249 2311 1438 2346 Brundisio
1452 2311 1476 2345 1.
1488 2320 1514 2345 r.
1529 2320 1607 2354 cap.
1624 2312 1678 2344 14.
1688 2315 1767 2345 not.
1780 2321 1815 2345 n.

1140 2371 1154 2387 ¹
1176 2366 1224 2398 Et
1236 2363 1481 2406 conditionibus]
1504 2363 1653 2406 Gallice,
1663 2374 1725 2406 par
1733 2365 1817 2397 trai-

373 2317 389 2333 ¹¹
411 2312 619 2357 Rubiconem]
642 2315 778 2349 Parvus
789 2319 844 2349 est
856 2314 980 2351 fluvius
991 2314 1043 2348 in-

330 2367 386 2396 ter
411 2364 606 2399 Ariminum
633 2371 670 2400 et
695 2368 911 2411 Ravennam,
935 2377 982 2401 ex
995 2366 1044 2400 A·

325 2415 481 2456 pennino
496 2422 614 2450 monte
636 2418 824 2452 decurrens
846 2420 883 2452 in
912 2411 1043 2454 Hadri-

326 2465 455 2499 aticum
468 2477 574 2510 mare,
588 2469 759 2514 quondam
774 2471 886 2504 Italiae
902 2471 1044 2504 Galliae-

328 2527 396 2560 que
423 2518 610 2562 Cisalpinae
634 2522 825 2565 terminus;
849 2524 952 2566 vulgo
974 2523 1043 2557 Russ

327 2579 421 2602 cone:
443 2570 519 2602 aliis
536 2574 651 2604 tamen
664 2572 818 2606 Pisatello
834 2573 976 2606 dicitur.

370 2625 388 2641 x
400 2621 654 2664 Dyrrhachium]
667 2622 757 2655 Urbs
766 2628 820 2657 est
832 2624 868 2657 in
877 2634 918 2656 ea
928 2625 1045 2658 Mace-

328 2671 443 2705 doniae
458 2677 571 2715 parte,
587 2683 665 2717 quae
676 2674 881 2708 Hadriatico
890 2676 982 2709 mari
993 2677 1044 2709 in-

329 2722 484 2758 cumbit.
512 2724 615 2766 vulgo
635 2725 796 2767 Dav-azzo,
811 2726 909 2759 nobis
921 2726 1046 2773 Duras,

330 2771 365 2802 in
382 2771 542 2807 Albaniae
558 2775 815 2821 Dalmatiaeque
829 2777 969 2812 finibus.

375 2827 391 2849 y
415 2824 566 2868 Corfinii]
600 2826 655 2860 De
684 2828 748 2862 hac
777 2828 862 2862 urbe
892 2829 1042 2864 diximus

330 2881 405 2915 sup.
422 2873 444 2909 1.
462 2883 504 2908 ιι.
517 2885 595 2919 cap.
613 2880 667 2912 16.
683 2883 757 2923 not.
771 2880 795 2915 l.
821 2881 1042 2926 quemadmo-

1096 2416 1132 2450 ίέ
1141 2427 1151 2450 .·
1170 2427 1233 2459 par
1242 2417 1531 2451 accommodement.
1552 2415 1644 2449 Vide
1653 2425 1815 2460 sup.cap.

1096 2474 1129 2505 4.
1144 2473 1217 2505 not.
1234 2474 1261 2504 t.
1313 2465 1315 2467 ’

1141 2527 1157 2544 ⁸
1179 2516 1451 2564 Necessitudinis]
1474 2521 1519 2554 Id
1534 2524 1601 2563 est,
1625 2520 1815 2554 necessita:

1097 2575 1155 2608 tis.
1200 2574 1385 2607 Interdum
1406 2574 1501 2611 enim
1523 2572 1745 2607 necessitudo
1760 2583 1816 2607 su-

1097 2627 1205 2659 mitur
1219 2636 1283 2668 pro
1307 2626 1342 2658 vi
1367 2635 1444 2669 quae
1463 2634 1525 2659 nos
1552 2624 1597 2658 ad
1613 2623 1743 2666 aliquid
1766 2623 1818 2658 fa-

1098 2676 1261 2710 ciendum
1278 2676 1386 2720 cogit.
1431 2677 1488 2709 Sic
1507 2675 1598 2719 apud
1614 2673 1813 2708 Sallustium

1097 2728 1132 2760 in
1146 2721 1338 2771 Jfigurtha·
1362 2729 1373 2747 ‘
1387 2729 1541 2762 coaetus
1563 2736 1678 2760 rerum
1693 2735 1816 2759 neces·

1097 2779 1249 2813 situdine
1265 2780 1392 2814 statuit
1408 2779 1509 2812 armis
1526 2776 1733 2812 decertare!

1139 2831 1155 2854 '³
1189 2832 1357 2876 Massilia]
1392 2825 1485 2866 Vide
1509 2830 1568 2864 lib.
1589 2838 1631 2864 ιι.
1657 2839 1733 2873 cap.
1757 2833 1812 2867 15

1095 2886 1169 2918 not
1190 2892 1218 2919 Γ.
