2002 3250
558 242 811 278 nis'roruAE
846 242 1074 275 ROMANAE
1107 242 1205 277 Lm.
1237 242 1270 274 1.
1301 231 1346 274 6.
1635 233 1695 276 47

205 343 374 399 posuit,
392 341 561 393 Troici,
580 354 716 397 quam
737 341 922 396 quidam
937 344 1100 393 rentur,
1118 341 1278 383 abfuit.
1308 342 1372 395 [a.
1392 338 1496 383 Chr.
1512 353 1558 382 n.
1571 339 1694 396 920]

208 411 329 454 Nam
358 410 492 452 ferme
523 414 623 452 ante
663 423 801 452 annos
839 420 1044 452 Dccccn.
1076 410 1241 462 floruit,
1276 410 1390 452 intra
1419 409 1542 452 mille
1561 413 1694 454 natus

207 485 291 524 est.
350 478 456 532 Quo
494 480 673 522 nomine
712 492 800 521 non
835 481 903 521 est
947 478 1219 530 mirandum,
1259 478 1382 534 quod
1418 491 1543 533 saepe
1581 479 1695 522 illud

206 552 435 604 usurpat,W
454 546 520 589 οἶοι
553 551 611 589 νῦν
645 545 778 605 βροτοί
812 546 919 588 εἰσ-ι.6
978 547 1086 590 Hoc
1111 549 1230 590 enim
1261 551 1313 590 ut
1342 548 1609 601 hominum‚¹
1628 548 1694 591 ita

206 617 473 660 saeculorum
492 621 666 661 notatur
679 617 948 660 differentia.
1010 617 1158 670 Quem
1180 618 1221 660 si
1242 618 1343 673 quis
1371 631 1546 662 caecum
1573 617 1696 672 geni-
1752 671 1757 677 ⁸

205 689 319 729 tumy
337 690 482 742 putat,
505 687 713 729 omnibus
732 686 940 729 sensibus
960 687 1099 729 orbus
1118 690 1198 730 est.

261 754 305 797 6.
336 754 595 810 Insequenti
626 758 824 811 tempore
852 755 1088 811 imperium
1114 754 1372 798 Asiaticum
1392 757 1450 799 ab
1471 754 1695 812 AssyriiS‚

207 822 287 879 qui
307 822 354 865 id
383 823 666 878 obtinuerant
692 824 816 866 annis
837 830 1042 876 MLXX.,³
1062 824 1331 867 translatum
1351 829 1419 868 est
1439 825 1497 868 ad
1513 824 1696 877 Medos,

202 890 371 935 abhinc
391 905 534 935 annos
554 892 689 935 ferme
723 900 999 936 ncccnxx.⁷
1014 899 1030 917 ³
1066 897 1126 950 [a.
1148 893 1250 938 Chr.
1271 907 1316 937 n.
1337 893 1460 947 840]
1509 893 1697 950 Quippe

206 959 575 1018 Sardanapalum,
594 975 744 1005 eorum
779 977 942 1018 regem,
962 964 1166 1007 mollitiis
1196 963 1422 1017 fluentem,
1444 967 1488 1007 et
1506 962 1696 1005 nimium

204 1028 380 1071 felicem
420 1030 540 1072 malo
580 1044 677 1082 suo,
715 1032 849 1074 tertio
882 1036 925 1074 et
962 1033 1186 1075 tricesimo
1225 1032 1349 1076 loco⁸
1387 1033 1444 1075 ab
1483 1031 1610 1075 Nino
1651 1034 1698 1074 et

208 1097 518 1150 Semiramide,
559 1099 639 1154 qui
683 1099 923 1155 Babylona
980 1100 1280 1153 condiderant,
1332 1104 1504 1154 natum,
1543 1101 1609 1143 ita
1645 1102 1697 1142 ut

835 1217 894 1229 ‘u

1032 1218 1072 1230 &O

208 1303 287 1342 post
310 1300 483 1333 maximum
506 1300 574 1341 leg.
600 1299 770 1332 Clud.—6
792 1300 934 1332 Desunt
948 1300 1024 1332 baec
1038 1300 1074 1333 in
1090 1300 1156 1333 Ed.
1174 1310 1228 1343 pr.
1245 1311 1323 1344 quae
1341 1303 1441 1334 recte
1457 1301 1613 1336 restituit
1628 1302 1697 1336 Ur·
1740 1318 1748 1326 .

208 1344 376 1377 siuns—⁷
402 1345 459 1377 Ita
484 1344 629 1386 corrigit
652 1343 805 1386 Lipsius,
831 1343 1005 1384 probante
1031 1344 1161 1386 Scalig.
1205 1344 1248 1377 In
1275 1345 1340 1378 Ed.
1362 1344 1476 1386 Lugd.
1501 1345 1584 1380 Bat.
1599 1351 1637 1380 et
1650 1349 1695 1382 al.

208 1387 452 1421 vetustioribus
467 1387 747 1420 DCCLXX.-8
771 1387 829 1420 Ita
844 1387 1024 1421 Burei-ius.
1070 1388 1113 1421 In
1130 1389 1202 1421 Ms.
1225 1389 1322 1422 tertio
1346 1392 1378 1421 et
1394 1390 1585 1434 tricensimo,
1607 1395 1645 1424 et
1659 1391 1696 1424 in

881 1486 1025 1520 NOTAE

209 1567 354 1600 Iambici
370 1568 542 1610 carminis,
557 1568 650 1611 quod
666 1568 923 1602 Archilochium

207 1620 251 1652 ab
267 1629 309 1652 eo
324 1626 480 1652 vocatur.
513 1619 592 1653 Hoc
604 1620 758 1654 mordaci
771 1621 925 1654 carmine

208 1671 407 1714 Lycamben
443 1671 487 1703 ad
514 1672 739 1715 suspendium
766 1672 925 1715 adegisse

979 1570 1062 1603 olim
1076 1571 1228 1604 vastiora
1256 1571 1545 1614 procreabantur,
1568 1570 1699 1614 signifi-

979 1626 1039 1655 cat
1062 1622 1168 1656 etiam
1185 1623 1318 1655 virtute
1335 1622 1600 1665 praestantiores
1615 1623 1698 1656 olim

978 1674 1137 1717 Trojanis
1165 1674 1382 1718 temporibus
1394 1674 1553 1708 homines
1575 1673 1698 1718 fuisse,

208 1722 380 1764 creditur,
406 1732 448 1755 eo
479 1722 572 1765 quod
614 1723 816 1765 promissam
856 1723 923 1757 sibi

208 1774 313 1808 filiam
326 1784 394 1807 non
419 1774 634 1808 tradidisset.
680 1775 735 1808 De
764 1785 833 1819 quo
849 1776 923 1809 Ho-

207 1830 277 1860 rat.
292 1825 328 1858 in
342 1826 420 1859 Art.
434 1825 538 1859 Po‘et.
556 1827 566 1845 ‘
579 1825 825 1861 Archilochum
843 1838 924 1870 prc-

208 1878 286 1920 prio
314 1877 428 1911 rabies
466 1878 614 1911 armavit
643 1877 782 1911 iambo!
828 1879 923 1913 Hinc

209 1929 324 1963 Cicer.
335 1929 411 1963 Lib.
427 1938 469 1963 11.
486 1930 601 1972 Epist.
614 1930 657 1963 ad
669 1930 780 1965 Attio.
800 1931 923 1966 Archi-

208 1981 324 2014 lochia
349 1981 468 2015 edicta
487 1981 579 2015 dixit
605 1993 670 2026 pro
697 1985 925 2018 contumelio-

209 2032 268 2073 sis,
294 2032 529 2075 mordacibus,
556 2034 749 2076 injuriosis:
776 2036 927 2070 ‘Archi-

208 2084 322 2117 lochia
337 2085 372 2117 in
399 2085 496 2117 inum
520 2085 635 2118 edicta
651 2087 769 2119 Bibuli
796 2088 925 2131 populo

207 2136 258 2169 ita
268 2136 429 2178 jucunda
451 2141 543 2179 sunt,
573 2142 612 2170 ut
639 2149 717 2171 eum
736 2139 863 2182 locum,
890 2140 925 2173 in

210 2197 279 2232 quo
308 2194 564 2231 proponuntur,
594 2200 667 2232 prae
702 2191 925 2224 multitudine

209 2248 329 2272 eorum
355 2240 414 2283 qui
440 2240 575 2283 legunt,
599 2242 745 2275 transire
775 2252 926 2285 nequea-

208 2290 309 2325 mus.'

253 2347 275 2364 ¹¹
300 2343 382 2377 Illud
397 2346 543 2388 usurpat]
558 2346 732 2379 Lacunam
750 2345 787 2379 in
797 2346 854 2380 ed.
870 2357 925 2389 pr.

159 2425 161 2429 ,
211 2394 344 2437 optime
357 2396 503 2429 Ursinus
518 2398 696 2440 supplevit
723 2399 788 2431 hoc
813 2399 923 2432 hemi·

212 2445 453 2489 stichio,quod
483 2447 657 2480 Homerus
678 2449 842 2486 inflliade
867 2454 923 2483 ter

210 2503 376 2541 usurpat:
400 2497 458 2532 οΐοι
486 2500 540 2532 νῦν
562 2499 672 2543 βροτοί
686 2500 758 2535 εἶσι.
774 2502 839 2535 hoc
854 2507 922 2544 est,

210 2551 316 2592 quates
336 2560 417 2583 nunc
439 2554 585 2584 mortales
610 2557 695 2586 sunt.
742 2553 845 2588 Quod
861 2555 926 2587 eti-

211 2610 266 2634 am
295 2601 457 2645 Virgilius
488 2604 536 2636 sic
566 2605 739 2647 expressit
763 2605 838 2639 AEn.
855 2616 924 2640 κη.

209 2651 220 2670 ‘
233 2652 359 2688 Quaiia
374 2664 465 2687 nunc
479 2654 654 2688 hominum
669 2657 834 2699 producit
848 2667 924 2691 cor-

213 2712 300 2745 pora
316 2705 441 2738 telius!

254 2758 273 2776 ¹
297 2755 369 2789 flac
382 2757 466 2790 enim
476 2761 512 2790 ut
525 2758 700 2801 hominum]
717 2758 924 2802 Antiquiora

214 2806 342 2839 saecula
366 2816 440 2841 oevo
465 2819 527 2842 suo
550 2810 716 2853 opponit:
748 2814 854 2854 atque
880 2821 925 2845 ex

214 2856 419 2894 diversitate
443 2865 588 2895 staturae
621 2871 819 2906 corporum,
846 2873 925 2907 quaa

979 1736 1081 1769 qnam
1097 1737 1160 1760 sua
1175 1731 1283 1760 aetate
1300 1732 1431 1759 essent.

1022 1782 1036 1805 5
1061 1778 1188 1811 Coecum
1200 1777 1362 1820 genitum]
1384 1777 1457 1810 Ubi
1480 1777 1530 1810 illi
1547 1777 1606 1821 qui
1621 1777 1696 1811 Ho-

979 1838 1113 1862 merum
1130 1830 1180 1862 sic
1196 1829 1265 1862 dici
1275 1830 1319 1863 ob
1332 1829 1529 1862 caecitatem
1545 1829 1698 1864 tradide-

979 1886 1073 1924 runt,
1103 1881 1277 1914 invenisse
1316 1882 1413 1915 beati
1441 1881 1534 1925 quod
1564 1881 1698 1916 Cumaei

979 1932 1156 1978 lenesque
1182 1938 1305 1976 captos
1321 1933 1431 1967 oculis
1447 1931 1579 1980 ὁμήρους
1598 1943 1699 1968 voca·

978 1985 1080 2028 bant,
1103 1990 1177 2019 tum
1202 1985 1294 2029 quod
1320 1985 1497 2018 Homerus
1513 1985 1699 2027 Melesige·

978 2047 1041 2070 nes
1072 2038 1169 2080 prius
1201 2037 1399 2070 diceretur?
1437 2036 1544 2070 Certe
1573 2036 1698 2070 Suidas

980 2090 1042 2123 sub
1059 2090 1229 2124 historica
1250 2090 1320 2123 fide
1337 2090 1499 2133 tradidit,
1524 2093 1639 2123 totum
1652 2090 1696 2123 is-

981 2142 1043 2174 tud
1069 2142 1262 2184 congenitae
1286 2141 1461 2174 caecitatis
1494 2140 1699 2183 figmentum

982 2193 1063 2226 inde
1080 2198 1199 2227 natum
1215 2203 1305 2233 esse,
1330 2193 1422 2236 quod
1450 2192 1623 2225 Homerus
1639 2202 1699 2225 cu-

981 2245 1154 2288 piditatis,
1184 2255 1261 2288 quae
1292 2245 1442 2278 animum
1484 2254 1548 2286 per
1576 2244 1696 2278 oculos

979 2297 1087 2339 subit,
1101 2302 1176 2330 tota
1187 2297 1260 2330 vita
1277 2297 1390 2330 victor
1405 2295 1580 2330 extiterit.

1023 2354 1038 2370 ¹
1060 2349 1236 2392 MLXX.]
1251 2348 1374 2381 Lectio
1387 2348 1474 2380 mille
1483 2347 1698 2390 septingentis

977 2399 1198 2434 manifestum
1231 2400 1337 2433 babet
1366 2410 1532 2433 errorem.
1577 2400 1698 2436 Quare

975 2453 1156 2487 Justinum
1173 2463 1312 2496 sequor,
1333 2452 1391 2495 qui
1407 2452 1501 2484 mille
1518 2455 1698 2485 trecentos

978 2505 1145 2547 assignat,
1160 2504 1311 2536 mediam
1334 2503 1543 2536 sententiam
1561 2507 1697 2536 tenens.

1025 2560 1040 2576 ¹
1063 2555 1328 2597 DCCCLXX]
1360 2555 1430 2588 Hic
1446 2565 1583 2598 quoque
1597 2554 1695 2587 locus

979 2616 1097 2640 errore
1109 2617 1179 2639 non
1195 2611 1306 2640 caret.
1330 2606 1467 2648 Lipsius
1483 2605 1606 2639 scribit
1620 2607 1698 2638 870.

979 2659 1054 2692 Nos
1070 2668 1167 2700 vero,
1182 2659 1443 2700 computatione
1469 2662 1589 2690 nostra
1618 2665 1698 2689 cum

976 2710 1120 2752 reliquis
1128 2710 1255 2742 Velleii
1269 2708 1587 2752 computationibus
1604 2716 1698 2741 com-

980 2761 1106 2803 posita,
1137 2765 1287 2803 quatuor
1303 2765 1341 2793 et
1363 2763 1557 2803 nongentos
1585 2768 1695 2794 annos

981 2821 1213 2845 numeramus.
