2002 3250
343 262 400 312 52
788 281 831 312 c.
864 280 1074 312 VELLEH
1110 279 1402 314 PA'raucum

340 376 511 420 minum
551 376 776 420 Hercules
809 377 953 419 victor
992 377 1151 421 extitit.
1225 378 1348 421 Tum
1384 377 1597 423 Athenis,a
1631 371 1840 438 perpetui

340 445 596 489 Archontes
636 459 737 488 esse
773 446 1012 498 desierunt,
1047 460 1151 489 cum
1182 447 1344 491 fuisset
1376 449 1560 493 ultimus
1582 442 1842 501 Alcmaeon',

341 519 661 572 coeperuntque
681 516 728 557 in
747 515 888 558 denos
908 515 1068 559 annosb
1082 518 1223 559 creari
1243 518 1304 572 [a.
1319 516 1421 560 Chr.
1438 532 1480 560 n.
1493 520 1594 562 754.
1609 518 1682 562 Ol.
1694 519 1736 562 6.
1749 518 1838 573 3.];

340 598 442 641 quae
463 584 741 627 consuetudo
770 585 816 626 in
842 598 981 627 annos
1019 596 1146 627 LXX.
1166 586 1357 628 mansit:
1390 600 1444 629 ac
1478 586 1638 629 deinde
1675 587 1838 631 annuis

341 653 585 696 commissa
606 657 679 695 cst
699 653 1040 717 magistratibus
1060 654 1333 708 respublica.
1395 654 1469 697 Ex
1499 655 1575 705 iis,
1599 656 1678 710 qui
1708 654 1836 698 denis

340 722 468 763 annis
487 721 773 776 plzaefuerunt
795 721 969 776 primus
997 721 1084 763 fuit
1119 712 1342 777 Charops,
1379 723 1561 765 ultimus
1597 723 1830 779 Eryxias,
1803 730 1836 757 ·⁷

339 803 399 835 ex
418 802 780 845 annuls,pr1mu8
803 789 961 833 Creon.
1003 790 1145 833 Sexta
1180 790 1468 847 Olympiade,
1503 785 1612 846 post
1644 792 1760 835 duos
1790 776 1837 836 et

338 859 498 914 viginti
530 872 683 912 annos,
718 873 854 916 quam
889 860 1036 915 prima
1070 861 1315 903 constituta
1347 861 1490 903 fuerat
1536 860 1630 916 [Ol.
1657 862 1699 904 6.
1726 861 1769 905 3.
1790 875 1832 905 a.

337 926 443 970 chr.
464 927 666 983 n.'754.]‚
705 929 950 972 Romulus⁰
973 929 1138 972 Martis
1177 930 1313 982 filius,
1344 930 1464 972 ultus
1498 930 1685 985 injurias
1703 919 1835 982 avi,d

338 995 537 1039 Romam
556 999 713 1041 urbem
732 999 978 1041 Parilibuse
998 1000 1044 1040 in
1076 997 1275 1049 Palatiof
1303 998 1528 1051 condidit3
1561 1012 1588 1040 a
1611 1012 1700 1053 quo
1719 999 1831 1042 tem-

334 1079 447 1121 pore
469 1066 528 1109 ad
549 1074 650 1110 vosg
669 1067 889 1110 Consules
909 1068 1012 1110 anni
1043 1070 1145 1110 sunt
1171 1066 1526 1109 DGCLXXXIH.⁸
1589 1065 1645 1108 Id
1677 1069 1832 1111 actum

961 1175 982 1186 ο

332 1240 451 1282 nisque.
463 1241 560 1282 Lips.
576 1240 679 1273 Voss.
695 1243 732 1273 et
747 1241 792 1274 al.
806 1240 906 1273 omnis
915 1240 989 1274 sine
1002 1240 1129 1283 copula
1144 1240 1280 1282 leg.-⁷
1295 1240 1394 1273 Erix.
1410 1240 1477 1274 Ed.
1490 1243 1611 1283 pr.-8
1627 1239 1686 1273 Ita
1701 1249 1745 1274 ex
1757 1245 1829 1274 atra

1009 1327 1162 1362 NOTAE

333 1408 447 1437 terum
463 1403 557 1446 quod
573 1404 616 1436 ad
634 1404 734 1436 ludos
749 1405 956 1446 olympicos
971 1415 1050 1447 per-

331 1456 435 1498 tinet,
459 1455 561 1489 valde
582 1456 706 1489 dubius
729 1460 784 1489 est
809 1455 946 1489 illorum
969 1466 1048 1489 auc-

330 1511 396 1541 tor.
456 1507 551 1541 Ecce
584 1508 724 1541 Petavii
752 1508 940 1550 sententia,
970 1518 1048 1550 quae

331 1560 482 1602 reliquas
504 1557 608 1593 facile
631 1560 808 1593 conciliat.
865 1559 1051 1601 Supponit,

331 1611 424 1654 quod
439 1611 533 1644 inter
547 1621 666 1644 omnes
680 1615 830 1652 constat,
845 1610 972 1643 multos
988 1620 1047 1642 ex·

328 1663 441 1697 titisse
458 1663 624 1697 Herculis
639 1663 778 1697 nomine
794 1663 957 1706 insignes.
993 1663 1050 1696 Ex

329 1714 466 1756 quibus,
501 1714 561 1756 qui
597 1714 691 1746 inter
727 1714 842 1746 Idaeos
878 1713 1050 1756 Dactylos

331 1766 474 1809 (nomen
492 1766 526 1798 id
542 1765 611 1798 suit
636 1766 787 1809 Cybeles
801 1764 1049 1808 Sacerdotum)

327 1823 503 1859 censetur,
520 1818 546 1850 is
570 1817 671 1851 ludos
686 1818 817 1860 primus
839 1817 925 1850 istos
949 1817 1048 1850 insti-

333 1869 414 1902 tuit.
461 1870 558 1904 Quos
583 1869 626 1902 ab
652 1868 730 1902 aliis
756 1868 904 1902 subinde
917 1868 1047 1912 repeti-

329 1923 384 1954 tos
411 1919 558 1963 Pelops,
580 1930 717 1953 necnon
745 1920 889 1962 Atreus,
917 1929 959 1952 ac
987 1919 1048 1952 de-

327 1969 410 2014 inde
437 1971 622 2013 Hercules,
636 1970 814 2004 Alcmenae
830 1970 934 2011 filius,
955 1970 1046 2003 cele-

329 2021 458 2055 bravit.
501 2022 558 2056 Ab
586 2022 704 2065 Iphito
729 2023 868 2056 demum
893 2021 977 2055 stati
1004 2031 1047 2055 ac

329 2074 495 2118 perpetui
507 2084 583 2107 esse
599 2079 793 2116 coeperunt.

368 2130 385 2148 ⁸
407 2126 487 2159 Tum
509 2125 662 2166 Athenis]
685 2125 728 2158 Id
754 2129 821 2167 est,
849 2124 947 2157 annis
963 2127 1045 2167 post

328 2176 486 2220 aliquot:
526 2177 592 2209 nisi
615 2176 691 2219 quis
721 2175 855 2209 hiatum
882 2176 939 2209 hic
967 2185 1044 2208 esse

325 2238 407 2262 cum
433 2228 554 2271 Lipsio
578 2228 678 2269 velit,
700 2238 742 2262 ac
757 2227 903 2270 periisse
929 2238 1007 2270 quae
1024 2238 1046 2260 a

324 2279 439 2323 prima
453 2279 662 2323 Olympiade
678 2279 723 2313 ad
738 2284 871 2312 sextam
886 2278 1043 2311 Velleius

319 2332 535 2367 interseruit.
563 2332 709 2366 Tantum
724 2330 818 2364 enim
833 2329 1043 2372 Olympiade

321 2382 447 2426 quinta
461 2387 614 2416 exeunte
638 2382 818 2418 desierunt
833 2381 1041 2415 Archontes.

365 2433 381 2456 b
408 2435 638 2476 Coeperuntque
652 2434 687 2466 in
702 2435 796 2466 denos
809 2433 921 2474 annos]
946 2433 1040 2468 Hinc

322 2485 450 2519 erroris
468 2495 577 2527 argue
588 2484 779 2526 Justiuum,
801 2485 896 2528 quil.
907 2494 950 2517 11.
964 2494 994 2518 o.
1007 2487 1039 2518 7.

320 2536 520 2579 tradiderit,
543 2536 881 2570 administrationem
902 2535 1040 2578 reipub-

319 2589 409 2631 lieae,
423 2592 505 2631 post
530 2587 696 2630 Codrum,
720 2587 842 2620 annuis
857 2587 1039 2631 magistra-

321 2639 415 2673 tibus
432 2649 507 2673 esse
523 2639 754 2673 commissam.

362 2695 378 2712 ὓ
402 2691 570 2732 Romulus]
609 2690 719 2724 Natus
750 2694 805 2725 est
833 2699 876 2723 ex
908 2689 1037 2734 Sylvia,

320 2742 513 2777 Numitoris
529 2742 616 2784 filia,
631 2753 722 2778 anno
737 2743 890 2776 secundo
906 2753 1037 2776 exeun-

321 2799 357 2827 te
387 2794 607 2838 Olympiadis
637 2795 813 2829 secundae.
864 2795 990 2828 Adhuc
1016 2806 1037 2828 a

321 2849 425 2888 partu
441 2855 578 2887 recens,
594 2847 753 2888 jussione
778 2846 909 2882 Amulii
931 2847 1036 2890 regis,

320 2906 398 2931 cum
420 2896 531 2931 fratre
558 2899 667 2932 Remo
691 2899 885 2946 expositus,
910 2899 1000 2934 clam
1017 2909 1038 2933 a

1104 1404 1271 1436 Faustulo
1289 1408 1429 1447 pastore
1447 1404 1616 1437 educatus
1633 1408 1698 1438 est.

1146 1455 1162 1478 ‘¹
1190 1456 1286 1488 Ultus
1310 1456 1448 1496 injurias
1467 1456 1538 1498 avi]
1563 1453 1775 1496 Numitoris,
1788 1454 1826 1488 in

1103 1515 1205 1549 quem
1218 1507 1390 1549 geminam
1405 1506 1564 1549 injuriam
1577 1504 1737 1540 Amulius
1754 1503 1826 1538 fra·

1102 1562 1159 1590 ter
1182 1558 1362 1591 intulerat.
1408 1561 1438 1590 1.
1454 1558 1639 1590 Invaserat
1665 1565 1830 1600 reguum,

1103 1610 1197 1652 quod
1208 1610 1251 1642 ad
1263 1609 1376 1652 ipsum
1389 1609 1505 1642 aetatis
1516 1609 1600 1650 jure
1610 1607 1824 1650 pertinebat.

1103 1661 1306 1704 2.Sylviam
1333 1661 1409 1704 ejus
1436 1660 1555 1702 filiam,
1577 1670 1622 1693 ne
1648 1669 1718 1705 qua
1742 1666 1824 1703 spes

1104 1713 1323 1756 posteritatis
1343 1718 1450 1751 esset,
1472 1712 1652 1745 Vestalem
1673 1710 1823 1746 fecerat.

1106 1765 1301 1809 Utramque
1329 1765 1498 1797 Romulus
1513 1764 1608 1796 ultus
1624 1767 1697 1797 est.·
1734 1764 1824 1798 Cum

1103 1817 1195 1850 enim
1236 1816 1459 1858 adolevisset,
1508 1815 1624 1848 occiso
1667 1814 1824 1859 Amulio,

1102 1878 1204 1901 avum
1235 1868 1270 1900 in
1299 1877 1445 1909 regnum
1470 1866 1638 1900 restituit.
1683 1867 1823 1902 Deinde

1102 1917 1250 1953 Romam
1264 1919 1437 1960 condidit,
1461 1927 1553 1952 anno
1577 1917 1708 1951 Amulii
1721 1919 1823 1963 regni

1101 1971 1268 2014 secundo,
1290 1972 1349 2014 qui
1368 1971 1474 2013 juxta
1494 1971 1703 2013 Varronem,
1717 1979 1824 2015 quem

1100 2023 1258 2065 sequitur
1282 2022 1451 2063 Velleius,
1477 2021 1603 2055 incidit
1629 2021 1675 2054 in
1693 2030 1823 2056 annum

1099 2074 1243 2107 tertium
1278 2073 1501 2117 Olympiadis
1540 2076 1672 2108 sextaez
1712 2073 1821 2116 juxta

1097 2126 1194 2169 alios,
1209 2126 1244 2159 in
1259 2125 1449 2159 secundum
1476 2124 1631 2168 eJusdem
1659 2123 1820 2169 Olympi·

1098 2178 1186 2212 adis.

1141 2234 1157 2251 θ
1181 2228 1363 2271 Parilibus]
1378 2228 1453 2262 Aut
1460 2227 1651 2262 Palilibust
1668 2227 1735 2262 hoc
1745 2230 1816 2271 e'st,

1099 2280 1157 2313 die
1168 2279 1260 2313 festo
1271 2279 1368 2313 Palis
1380 2280 1482 2321 Deae,
1493 2289 1596 2323 quem
1606 2279 1740 2313 idcirco
1749 2278 1816 2313 Pa-

1097 2331 1171 2364 lilia
1186 2335 1305 2374 patres
1323 2331 1504 2365 dixerunt.
1534 2330 1605 2364 Hic
1620 2340 1727 2373 porro
1735 2329 1814 2364 'dies

1096 2381 1344 2416 celebrabatur
1369 2393 1390 2415 a
1414 2382 1625 2425 pastoribus,
1652 2385 1727 2415 tum
1748 2390 1814 2425 pro

1097 2436 1236 2478 pecoris
1263 2438 1380 2477 partu,
1406 2438 1480 2468 tum
1503 2435 1548 2467 ad
1575 2435 1675 2477 lupos
1691 2442 1814 2467 arcen-

1095 2487 1172 2528 dos,
1182 2487 1392 2537 morbosque
1402 2496 1423 2519 a
1432 2491 1559 2528 pecore
1571 2484 1812 2528 depellendos.

1094 2538 1215 2572 Prima
1230 2539 1368 2573 Romuli
1381 2537 1506 2572 Palilia
1521 2536 1683 2608 incidunt
1698 2535 1735 2569 in
1750 2545 1813 2570 an-

1094 2599 1177 2623 num
1192 2590 1311 2623 mundi
1327 2592 1428 2623 3961.

1138 2640 1153 2662 f
1170 2641 1212 2675 In
1235 2641 1381 2684 Palatio]
1414 2640 1456 2674 In
1486 2639 1650 2673 Palatino
1679 2641 1812 2682 monte,

1092 2690 1150 2734 qui
1167 2701 1255 2725 unus
1270 2696 1326 2725 est
1351 2701 1395 2724 ex
1419 2694 1555 2734 septem
1582 2690 1690 2724 Urbis
1713 2689 1813 2723 coni-

1092 2741 1171 2784 bus,
1197 2743 1249 2776 sie
1273 2742 1389 2776 dictus
1416 2753 1436 2775 ιι
1456 2741 1632 2783 Palantia,
1653 2740 1810 2776 Evandri

1090 2792 1174 2827 filia.
1229 2794 1346 2827 Etiam
1381 2803 1474 2827 nunc
1511 2794 1632 2826 Romae
1663 2792 1810 2836 dicitur,

1092 2846 1205 2879 Monte
1221 2846 1383 2880 Palatino.

1135 2901 1152 2928 8
1173 2896 1229 2931 Aa
1243 2897 1314 2940 vos]
1335 2896 1392 2931 Ad
1409 2859 1656 2942 tuum,Vinicl,
1670 2900 1709 2932 et
1722 2868 1806 2933 θαι·
