2008 3210
379 261 467 305 496
830 270 1089 303 ascensus
1123 271 1411 304 murionum

433 373 559 424 lanzy.
593 376 615 410 8
647 370 940 422 maj.—-Editor
971 371 1108 424 potius
1137 371 1278 425 ingenii
1310 373 1369 413 sui
1401 378 1441 413 et
1473 385 1612 413 sensus
1646 372 1852 427 impetum,

433 449 550 488 quam
585 435 750 488 vestigia
779 435 927 475 codicis
955 443 995 476 et
1026 436 1206 476 editionis
1238 450 1299 489 pr.
1329 437 1516 477 rationem
1536 437 1729 485 criticam,
1747 438 1855 491 inge-

431 502 537 541 nium
557 501 728 540 auctoris
747 502 820 549 sui,
841 508 881 542 et
897 502 1135 554 optimorum
1155 502 1392 542 Criticorum
1407 502 1564 554 judicia
1583 509 1758 550 secutus,
1778 516 1854 542 uon

432 567 525 606 satis
542 566 635 605 felix
656 566 729 606 fuit
748 580 820 606 nec
840 566 879 605 in
901 567 1120 619 purgando,
1152 574 1195 606 ut
1225 568 1399 615 rebatur,
1428 573 1554 615 textu,
1584 581 1657 607 nec
1685 568 1724 607 in
1758 568 1859 608 reci·

430 632 583 685 piendis
602 632 770 671 virorum
791 631 1014 679 doctorum,
1036 646 1134 685 quos
1165 633 1305 685 saepius
1334 633 1488 680 reticet,
1509 632 1763 684 conjecturis,
1780 645 1853 673 nec

429 698 467 736 in
485 696 721 749 reperiendis
740 696 1095 743 emendationibus,
1116 710 1215 748 quas
1244 702 1376 736 tamen
1395 697 1600 744 audacter,
1621 703 1662 736 et
1679 709 1857 737 nonnun-

430 775 547 814 quam
579 761 712 807 tacite‚
741 760 778 799 in
807 767 1034 800 contextum
1055 761 1225 801 admisit.
1282 763 1391 801 Inter
1408 761 1530 814 ipsius
1550 768 1680 801 tamen
1698 761 1855 806 inventa

428 834 520 867 suut
538 826 723 866 nonnulla
754 825 870 865 laude
904 838 983 864 nou
1017 825 1189 878 indigna.
1246 827 1375 878 [Bona
1394 826 1472 866 fide
1491 826 1769 879 descripsimus
1784 827 1853 866 viri

427 892 538 932 docti
568 890 769 942 judicium
804 890 854 929 de
887 896 1022 929 nostra
1060 891 1135 930 hac
1164 890 1351 930 editione.
1406 893 1462 931 At
1487 905 1580 932 vero
1608 891 1852 933 excusandus

427 958 556 1011 magis
587 969 705 1009 quam
742 955 966 1007 culpandus
1000 954 1130 994 editor
1163 955 1412 1008 Bipontinus,
1442 957 1510 1009 qui
1541 957 1666 997 multa
1695 958 1796 1005 loca,
1829 948 1853 997 a

428 1022 648 1064 novissimis
687 1021 849 1069 criticis,
871 1021 1040 1060 maxime
1069 1034 1093 1060 a
1125 1022 1373 1069 Ruhnkenio,
1404 1022 1576 1062 feliciter
1606 1029 1743 1062 curata
1773 1035 1851 1062 non

426 1094 648 1129 tentaturus
661 1085 806 1133 denuo,
822 1099 947 1138 neque
962 1086 1098 1125 horum
1118 1086 1290 1126 virorum
1310 1088 1463 1140 egregie
1481 1088 1635 1128 inventa
1653 1088 1854 1140 neglectu·

426 1167 490 1194 rus
506 1159 602 1200 erat,
624 1152 655 1191 si
675 1152 725 1191 ad
745 1164 883 1191 manus
911 1151 947 1190 ei
978 1151 1119 1192 fuisset
1140 1152 1363 1192 Ruhnkenii
1381 1152 1520 1201 editio,
1541 1166 1659 1206 quam
1679 1167 1757 1193 non
1776 1153 1852 1192 nisi

424 1235 474 1260 ex
504 1217 838 1271 Ephemeridibus
870 1217 969 1257 liter.
1005 1218 1212 1270 Goetting.
1240 1218 1438 1270 cognitam
1473 1218 1627 1266 habuit,
1646 1218 1722 1258 sub
1740 1217 1851 1271 prelo

418 1285 502 1337 jam
522 1283 687 1322 sudante
705 1281 867 1321 Velleio.
923 1281 1040 1322 Unde
1068 1281 1236 1329 factum,
1263 1289 1307 1322 ut
1334 1295 1400 1322 eas
1419 1289 1572 1323 tantum
1590 1282 1662 1323 viri
1681 1282 1852 1336 sagacis·

424 1350 512 1391 simi
531 1347 826 1388 emendationes
845 1347 904 1387 vel
919 1347 959 1386 in
979 1361 1093 1387 usum
1109 1361 1222 1387 suum
1242 1354 1426 1396 verteret,
1447 1349 1507 1388 vel
1537 1349 1675 1388 saltem
1695 1344 1848 1397 citaret,

424 1429 523 1469 quas
557 1428 581 1454 a
610 1413 733 1453 docto
768 1413 942 1453 Censore
971 1413 1152 1453 laudatas
1184 1413 1348 1452 videret.
1405 1413 1609 1461 Miramur,
1638 1413 1849 1454 Krausium

422 1483 500 1521 hoc
519 1493 596 1519 non
617 1477 950 1525 animadvertisse.
1007 1479 1193 1518 Ceterum
1223 1478 1358 1525 habet,
1394 1492 1474 1530 quo
1500 1478 1656 1531 ingenio
1674 1491 1748 1518 suo
1766 1491 1851 1530 gra-

422 1547 570 1586 tuletur
588 1543 718 1583 editor
742 1542 985 1594 Bipontinus,
1019 1542 1126 1594 quod
1153 1541 1319 1582 subinde
1351 1543 1391 1581 in
1424 1543 1584 1583 easdem
1604 1556 1696 1583 cum
1716 1541 1851 1582 Ruhn-

421 1610 535 1651 kenio
555 1621 665 1647 veras
687 1607 938 1659 conjecturas
958 1607 1128 1658 incidit.]

371 1682 475 1724 1790
504 1673 763 1715 Mannhemii.
795 1679 816 1713 8
848 1673 939 1712 min.
975 1679 1161 1713 accurate
1193 1673 1243 1712 ad
1275 1673 1444 1726 optimas
1462 1672 1656 1713 editiones
1675 1672 1851 1726 recogni-

421 1749 499 1781 tus.
558 1739 622 1778 Sic
643 1738 802 1790 quidem
820 1737 973 1777 titulus.
1734 1742 1737 1743 ’

370 1811 474 1854 1794
503 1805 563 1843 Ex
597 1802 821 1842 recensione
864 1802 1070 1841 Societatis
1117 1801 1353 1854 Bipontinae.
1411 1803 1700 1856 Norimbergae,
1736 1802 1846 1856 apud

420 1869 572 1921 Riegel.
598 1874 660 1908 12.
681 1866 761 1906 sine
780 1866 899 1906 notis.

368 1941 487 1976 1800.
518 1932 736 1972 Krausiana
771 1932 923 1983 major:
956 1931 1003 1970 C.
1038 1930 1179 1970 Velleii
1212 1930 1409 1970 Paterculi
1442 1944 1532 1982 quae
1562 1935 1770 1983 supersunt
1797 1943 1846 1970 ex

419 1998 591 2039 historiae
610 1998 727 2036 Rom.
748 1996 879 2035 Libris
899 1995 1071 2035 duobus.
1130 1996 1348 2035 Recensere
1378 2001 1419 2034 et
1449 1994 1728 2034 commentario
1759 2007 1847 2048 per-

419 2072 543 2117 petuo
563 2063 756 2102 illustrare
775 2061 899 2113 coepit
918 2060 1064 2100 Christ.
1082 2060 1184 2099 Dav.
1203 2060 1307 2099 Jaui.
1340 2060 1593 2100 Continuavit
1610 2061 1675 2101 J0.
1696 2059 1846 2103 Christ.

419 2131 543 2170 Henr.
564 2129 733 2168 Krause.
790 2129 1062 2166 Accesserunt
1093 2125 1223 2164 Caroli
1253 2126 1526 2177 Morgenstern
1556 2124 1845 2164 Commentatio

418 2194 468 2234 de
488 2193 628 2234 Velleii
646 2192 725 2232 fide
745 2191 947 2238 historica,
962 2194 1042 2230 &c.
1065 2197 1107 2230 et
1124 2192 1188 2230 J0.
1210 2190 1402 2230 Friderici
1421 2189 1540 2229 Herel
1560 2189 1844 2229 Annotationes

417 2259 568 2299 criticae
588 2258 627 2297 in
647 2257 853 2296 Velleium.
885 2256 1042 2307 Lipsiae,
1063 2256 1256 2295 sumtibus
1276 2256 1322 2295 E.
1345 2257 1392 2294 B.
1412 2253 1679 2293 Schwickerti.
1701 2259 1723 2294 8
1746 2253 1844 2304 maj.

415 2326 518 2363 ——In
534 2322 763 2376 praefatione
783 2321 991 2360 consilium
1021 2321 1203 2360 editionis
1223 2320 1344 2372 hujus
1364 2319 1421 2358 sic
1442 2318 1605 2370 exponit
1624 2318 1842 2358 Krausius:

418 2394 429 2410 ‘
452 2390 597 2428 Deerat
610 2387 732 2427 editio
752 2386 890 2426 Velleii
910 2387 1008 2426 bene
1024 2384 1225 2436 parabilis,
1251 2385 1289 2423 in
1319 2398 1398 2437 qua
1418 2398 1465 2423 ex
1481 2383 1586 2422 omni
1605 2389 1718 2435 parte
1737 2382 1846 2422 satis-

415 2453 565 2493 factum
582 2459 667 2492 erat
686 2458 753 2491 aut
772 2450 1052 2490 eruditioribus
1085 2449 1311 2496 lectoribus,
1329 2456 1397 2488 aut
1417 2448 1461 2487 iis
1482 2447 1551 2499 qui
1570 2446 1844 2488 oblectationis

415 2526 457 2558 et
475 2518 694 2559 studiorum
714 2516 931 2556 liberalium
950 2528 1075 2555 causa
1094 2521 1263 2553 veterem
1282 2514 1512 2566 scriptorem
1534 2525 1652 2551 manu
1672 2517 1840 2559 versant,

415 2583 477 2622 vel
500 2581 704 2634 juventuti
736 2581 999 2634 provectiori;
1029 2580 1068 2619 in
1100 2594 1178 2632 qna
1203 2580 1322 2620 lectio
1355 2578 1491 2618 Velleii
1523 2577 1629 2616 facta
1647 2575 1694 2616 sit
1713 2575 1842 2615 minus

415 2646 660 2699 impeditior;
694 2646 732 2685 in
752 2659 832 2698 qua
850 2645 984 2685 omnia
1002 2645 1040 2684 in
1061 2650 1218 2696 promtu
1248 2650 1370 2696 atque
1399 2648 1539 2695 parata
1558 2641 1656 2689 sint,
1669 2652 1760 2693 quae
1779 2639 1844 2679 vel

416 2712 467 2751 ad
488 2711 696 2751 lectionem
717 2710 1026 2762 dijudicandam,
1049 2710 1110 2749 vel
1131 2709 1181 2748 ad
1203 2709 1419 2749 dictionem
1451 2704 1757 2758 intelligendam,
1778 2704 1842 2743 vel

416 2776 467 2814 ad
498 2790 558 2815 res
590 2775 856 2829 expediendas
885 2775 1104 2833 legentibus
1134 2775 1185 2814 ad
1217 2788 1356 2814 manus
1386 2786 1471 2812 esse
1489 2768 1843 2812 debeant—Talis

415 2839 597 2879 editionis
631 2840 810 2881 defectus
843 2840 944 2881 inter
974 2852 1114 2879 causas
1148 2838 1266 2878 fuisse
1300 2838 1454 2877 videtur
1489 2839 1662 2874 auctoris
1696 2832 1840 2885 egregii
