2008 3210
372 225 460 268 374

374 331 457 365 dida
472 331 611 363 nomina
626 330 916 373 Pompeianorum
939 340 1008 363 non
1029 340 1088 373 pa·

375 394 452 416 rum
468 382 663 415 deformata
678 387 760 414 sunt
782 382 841 413 illa
856 383 1090 423 intemperan-

376 437 437 476 tia,
450 446 515 478 qua
528 434 770 467 tractationem
784 434 929 467 Caesaris
942 434 985 466 (le
999 443 1087 476 pace

377 486 594 528 repulerunt,
620 485 679 523 τὴν
695 483 951 526 εὐπρεπεστάτην
970 483 1088 517 Καίσα-

377 549 406 579 ρι
421 539 483 569 τῶν
498 535 684 578 προφάσεων
712 535 799 568 αὐτοὶ
821 534 1087 577 μηχανισάμενοιῑ

376 589 635 630 speciosissimum
664 589 795 620 colorem
825 598 861 620 ac
898 590 1090 630 praetextum

381 639 501 670 Caesari
513 639 568 670 hoc
577 642 669 679 pacto
682 639 743 680 ipsi
753 639 983 671 concinnantes.
1007 639 1090 670 Plu-

379 691 490 722 tarch.
519 691 608 722 Caes.
656 690 852 732 Scriptores
882 690 981 732 hujus
1008 689 1090 722 belli

380 741 458 773 vide
476 742 630 774 Camerti
653 746 792 775 notatos
817 742 858 774 ad
881 742 975 774 Flor.
992 751 1043 773 lv.
1059 743 1090 773 2.

380 792 503 834 quibus
515 793 653 826 omnino
664 793 813 825 Dionem
825 792 925 826 adde.
947 793 1090 824 Boecler.

425 844 492 876 Hic
506 844 609 877 omnia
619 846 768 886 speciosa,
778 844 845 876 illic
857 843 1010 884 valentia]
1034 843 1092 875 tta

381 898 458 927 est:
483 895 671 937 Pompeius
693 895 768 938 ipse
791 895 900 927 multa
916 898 1092 937 gestorum

381 948 502 990 gloria,
519 948 635 981 multis
651 958 770 990 regum
786 948 962 990 amicitiis,
987 957 1093 990 popu-

382 1000 493 1032 lorum
511 999 647 1032 auxiliis
662 999 836 1040 subnixus,
862 1003 898 1031 et
917 999 991 1041 jam
1008 999 1094 1041 reip.

383 1060 423 1083 ac
439 1050 614 1083 libertatis
626 1054 864 1093 propugnator
879 1050 1093 1083 habebatur:

382 1101 443 1134 sed
460 1111 583 1134 revera
604 1102 714 1144 majus
736 1102 770 1134 in
789 1102 1003 1135 Caesareanis
1018 1112 1094 1144 par-

384 1152 477 1185 tibus
502 1152 620 1194 robur,
649 1153 723 1185 sive
751 1153 874 1186 ducem
903 1156 1095 1195 spectares,

384 1204 456 1237 sive
484 1204 626 1245 milites,
653 1205 726 1238 sive
755 1205 987 1238 instrumenta
1012 1204 1095 1238 belli

384 1255 506 1288 solida.
550 1256 669 1288 Caesar
684 1256 757 1298 ipse
773 1256 808 1288 in
818 1256 922 1289 Orat.
935 1256 979 1288 ad
995 1255 1094 1288 milit.

383 1306 478 1339 ridet
499 1306 615 1339 inania
629 1306 791 1348 Pompeii
814 1306 953 1338 nomina
968 1310 1004 1338 et
1020 1315 1096 1348 spe·

386 1358 489 1400 ciem,
516 1357 608 1400 apud
626 1358 754 1390 Lucan.
770 1366 797 1390 1.
819 1356 828 1374 ‘
844 1357 974 1389 Veniat
994 1357 1098 1399 longa

387 1410 458 1442 dux
473 1419 560 1452 pace
582 1409 713 1441 solutus
737 1408 853 1441 Milite
878 1417 956 1440 cum
971 1408 1098 1449 subito,

388 1465 571 1504 partesque
587 1461 623 1492 iu
635 1460 726 1493 bella
738 1462 882 1501 togatae,
895 1459 1098 1491 Marcellus-

388 1523 455 1556 que
470 1513 612 1556 loquax,
627 1516 664 1545 et
679 1511 816 1544 nomina
830 1520 916 1544 vana
928 1510 1100 1554 Catones‚'

387 1567 455 1597 διο.
477 1564 578 1597 Idem.

431 1615 619 1658 Pompeium
632 1617 758 1648 senatus
771 1613 957 1655 auctoritas]
984 1613 1100 1655 Scrip-

389 1672 483 1700 tores
498 1667 624 1710 passim
640 1670 824 1700 testantur.
868 1665 958 1698 Vide
974 1665 1100 1698 oratio-

389 1729 470 1752 nem
486 1719 626 1752 Lentuli
643 1729 699 1761 ap.
712 1720 840 1752 Lucan.
857 1718 1026 1761 principio
1041 1718 1101 1752 lib.

392 1779 428 1803 v,
443 1770 503 1803 ubi
525 1770 616 1802 inter
638 1770 729 1802 alia:
752 1769 762 1787 ‘
779 1779 847 1802 non
864 1778 1013 1811 unquam
1028 1779 1102 1811 per-

383 1822 481 1855 ,didit
495 1821 579 1855 ordo
590 1822 730 1854 Mutato
746 1830 808 1853 sua
818 1821 902 1864 jura
913 1821 986 1853 solo
1000 1832 1009 1853 :
1024 1830 1104 1853 mae-

390 1874 506 1907 tentia
528 1878 626 1907 tecta
641 1873 760 1907 Caesar
774 1873 892 1915 habet,
906 1883 1102 1916 vacuasque

392 1926 525 1968 domos,
549 1927 712 1968 legesque
728 1925 882 1967 silentes,
907 1925 1103 1968 Clausaque

387 1978 527 2021 justitio
552 1977 646 2010 tristi
671 1976 769 2010 fora:
798 1977 895 2009 curia
921 1977 1013 2010 solos
1035 1977 1104 2009 Illa

393 2028 491 2062 videt
500 2029 627 2062 Patres
643 2028 746 2070 plena
756 2037 841 2070 quos
857 2026 943 2060 urbe
955 2026 1103 2069 fugavit.

396 2079 534 2112 Ordine
550 2079 595 2112 de
610 2083 710 2112 tanto
722 2078 876 2122 quisquis
888 2088 957 2111 non
972 2079 1104 2120 exulat,

393 2132 450 2164 hic
465 2131 544 2164 est!
567 2131 669 2164 Idem.

441 2184 554 2216 Causoe
568 2193 630 2216 non
643 2181 809 2224 Pompeio]
843 2183 914 2224 Ego
929 2191 1012 2215 vero
1030 2183 1106 2215 haec

394 2244 462 2268 non
473 2235 585 2277 capio.
630 2233 724 2268 Quid
734 2237 791 2266 est
805 2233 815 2251 ‘
825 2244 957 2266 caussae
969 2233 1107 2266 deferre

394 2295 559 2318 summam
573 2284 710 2327 imperii
721 2283 745 2316 ?’
790 2284 857 2317 Illa
879 2284 986 2327 igitur
1000 2284 1107 2327 impe-

395 2336 510 2369 ravit?
557 2336 741 2368 Exercitus
768 2335 882 2377 duxit,
917 2337 1106 2368 instruxit?

395 2388 522 2430 Nugae.
543 2388 619 2420 Nos
630 2386 968 2419 arbitramurfuisse:
991 2397 1108 2420 caussae

391 2440 544 2482 mminis,
558 2439 723 2481 Pompeio.
751 2438 845 2471 Illud
861 2447 944 2472 sane
960 2443 1109 2480 constat,

397 2490 552 2533 regimen
566 2493 601 2523 et
614 2489 794 2532 imperium
811 2490 846 2522 in
861 2488 926 2523 hoc
942 2490 1033 2523 bello
1049 2491 1108 2523 de-

396 2542 507 2575 latum
523 2541 568 2575 ad
587 2541 806 2583 Pompeium,
827 2540 933 2584 idque
959 2541 1015 2586 (ut
1028 2542 1110 2574 Vel-

397 2593 486 2625 leius
500 2602 564 2636 per
579 2603 634 2626 me
651 2602 743 2625 nunc
757 2591 859 2632 dicit)
873 2602 996 2625 caussa
1006 2592 1109 2626 famae

397 2645 588 2678 etnominis
595 2644 813 2688 Pompeiani.
821 2644 887 2678 Ille
895 2645 985 2678 enim
995 2646 1111 2679 trium-

399 2695 477 2737 phis
501 2695 724 2738 victoriisque
748 2695 903 2738 celeber,
928 2701 966 2729 et
990 2696 1025 2730 in
1049 2707 1111 2731 ore

399 2745 551 2783 omnium
563 2746 728 2788 Magnus.
759 2747 926 2780 Lentulus
935 2746 1011 2789 ipse
1023 2748 1113 2781 Con-

399 2796 468 2838 sul,
488 2795 548 2839 qui
572 2806 666 2830 more
688 2797 856 2840 majorum
876 2795 1006 2842 alioqui
1028 2798 1112 2842 dux,

396 2845 498 2892 opud
512 2847 687 2886 Lucanum
709 2852 830 2884 auctor
850 2848 951 2896 huJus
973 2852 1112 2887 senteu-

686 234 831 269 NOTAE
862 235 1135 267 VAR10RUM
1169 235 1222 267 IN
1256 235 1543 269 PATERGULI

1138 331 1218 364 tias:
1241 332 1251 350 ‘
1269 332 1449 366 Consulite
1473 333 1508 366 in
1531 331 1853 377 medumpam,

1139 383 1373 426 Magnumque
1377 383 1502 426 jubete
1512 384 1596 416 Esse
1609 383 1743 419 ducem.
1776 384 1852 419 ΙΛ-

1139 438 1176 466 to
1201 444 1325 466 nomen
1350 435 1501 468 clamore
1526 435 1674 468 Senatus
1695 435 1852 479 Excipit,

1140 489 1177 518 et
1193 486 1320 528 Magno
1341 485 1450 518 fatum
1474 487 1666 529 patriaeque
1682 496 1851 530 suumque

1140 536 1334 579 Imposuit?
1378 537 1498 569 Caesar
1514 547 1570 570 m.
1595 539 1697 571 Civil.
1718 538 1754 571 in
1777 548 1854 574 ora·

1142 588 1236 621 tione
1262 588 1399 621 Bibuli:
1433 589 1677 622 ‘Potestatem
1707 599 1745 623 se
1775 589 1851 632 ejus

1142 640 1193 672 rei
1218 640 1344 672 nullam
1368 640 1514 673 habere:
1547 645 1738 683 propterea
1760 640 1853 684 quod

1142 691 1187 723 de
1213 690 1358 724 Concilii
1381 692 1555 724 sententia
1581 701 1746 724 summam
1770 691 1855 734 belli

1142 752 1323 784 rerumque
1340 743 1491 775 omnium
1508 743 1675 785 Pompeio
1688 743 1854 785 permise-

1143 794 1235 826 rint.’
1256 794 1398 836 Lipsius.
1458 795 1571 827 Causae
1598 804 1660 827 non
1687 793 1854 837 Pompeio]

1142 845 1219 877 Viri
1235 846 1356 878 summi
1372 846 1493 879 isthaec
1508 850 1667 886 mutant3
1690 850 1856 889 tanquam

1144 907 1272 930 caussae
1297 897 1428 930 deferri
1458 902 1610 942 nequeat
1633 907 1766 931 summa
1792 898 1857 931 im-

1145 948 1245 990 perii,
1260 948 1387 990 ignarae
1403 949 1538 982 scilicet
1551 949 1736 991 imperare,
1757 957 1858 982 exer-

1145 999 1254 1032 citum
1282 999 1424 1041 ducere,
1449 1000 1637 1042 instruere,
1662 1003 1728 1034 διο.
1785 999 1857 1040 Sed

1146 1051 1231 1083 nihil
1247 1054 1363 1083 tamen
1378 1056 1475 1084 vetat
1489 1051 1644 1094 auspicia
1658 1061 1734 1084 esse
1749 1061 1859 1094 penes

1147 1111 1314 1143 caussam,
1336 1102 1502 1135 ducatum
1526 1113 1608 1135 vero
1629 1112 1735 1145 penes
1755 1102 1860 1136 Pom-

1147 1153 1285 1195 peium:
1310 1157 1350 1186 ut
1365 1163 1438 1196 prae
1462 1164 1499 1186 se
1524 1153 1618 1186 ferat
1633 1157 1766 1197 auctor,
1788 1163 1860 1188 non

1147 1207 1219 1236 tam
1244 1204 1410 1237 militasse
1424 1205 1600 1238 Consules
1624 1206 1861 1250 senatumque

1147 1255 1316 1298 Pompeio
1346 1257 1487 1299 eJusque
1526 1257 1718 1299 ambitioni,
1757 1267 1861 1300 quam

1148 1315 1279 1339 caussae
1307 1316 1379 1339 suae
1406 1307 1564 1349 publicae.
1609 1308 1667 1340 De
1695 1307 1861 1351 auspiciis

1148 1358 1256 1390 multa
1270 1358 1418 1391 diximus
1442 1359 1477 1392 in
1493 1359 1714 1394 Discursibus
1736 1359 1862 1394 ad'l'a-

1149 1409 1256 1442 citum
1274 1410 1459 1452 prioribus.
1502 1411 1549 1444 Et
1565 1411 1636 1444 tale
1652 1411 1737 1454 quid
1753 1411 1862 1445 etiam

1149 1461 1306 1503 respexit
1317 1462 1352 1494 in
1365 1462 1582 1495 restituendo
1593 1462 1768 1505 Capitolio
1779 1463 1864 1497 Hel-

1149 1513 1260 1545 vidius
1274 1513 1429 1555 Priscus,
1440 1514 1483 1546 de
1498 1524 1566 1557 quo
1578 1515 1740 1548 nonnulla
1750 1515 1864 1558 signa·

1150 1564 1260 1596 vimus
1281 1564 1326 1596 ad
1351 1564 1478 1597 librum
1503 1570 1665 1608 quartum
1692 1565 1865 1600 Historia·

1152 1625 1227 1648 rum
1241 1615 1353 1648 Taciti
1377 1626 1456 1658 cap.
1471 1619 1504 1650 9.
1549 1617 1642 1650 Loco
1663 1621 1780 1652 autem
1805 1618 1864 1653 iuti

1151 1666 1416 1708 interpretando
1453 1667 1552 1701 unice
1579 1667 1667 1702 facit
1705 1670 1864 1703 Lucanus

1152 1719 1269 1751 limine
1283 1719 1362 1752 libri
1377 1729 1412 1752 v.
1434 1719 1444 1737 ‘
1462 1719 1581 1752 docuit
1600 1721 1748 1763 populos
1762 1730 1867 1755 vene·

1153 1770 1272 1804 rabilis
1292 1770 1377 1802 ordo
1400 1770 1480 1803 Non
1500 1771 1624 1813 Magni
1646 1775 1778 1814 partes,
1802 1771 1866 1806 sed

1154 1823 1322 1864 Magnum
1345 1822 1381 1854 in
1406 1821 1562 1863 partibus
1587 1821 1689 1855 esse!
1728 1823 1865 1858 Grauer.

1157 1874 1272 1906 Causae
1285 1883 1347 1905 non
1363 1871 1531 1915 Pompeio]
1553 1872 1652 1905 Nihil
1663 1873 1720 1906 hic
1732 1878 1866 1908 muten-

1153 1924 1249 1957 dum.
1294 1924 1422 1957 Sensus
1432 1927 1507 1956 est:
1532 1923 1702 1967 Pompeio
1713 1925 1867 1960 delatum

1155 1975 1352 2017 imperium,
1374 1984 1444 2007 non
1459 1975 1550 2017 quod
1563 1974 1598 2007 ei
1611 1973 1749 2008 faveret
1769 1985 1869 2010 sens.-

1155 2030 1225 2068 tus,
1252 2026 1313 2059 sed
1339 2026 1432 2068 quod
1456 2035 1562 2059 causa
1585 2026 1663 2069 ejus
1688 2026 1867 2060 videretur

1149 2078 1290 2120 justior.
1333 2077 1434 2110 Vidit
1462 2077 1529 2110 hoc
1555 2077 1748 2119 Gruterus3
1777 2077 1867 2112 vidit

1157 2135 1194 2163 et
1209 2129 1373 2162 Gillotius
1396 2128 1489 2170 apud
1515 2128 1727 2162 Savaronem
1740 2129 1777 2162 in
1791 2138 1869 2164 eru-

1157 2181 1231 2214 dito
1255 2180 1300 2213 ad
1325 2179 1502 2213 Sidonium
1526 2180 1785 2221 commentario,
1807 2180 1869 2214 lib.

1157 2241 1217 2266 111.
1242 2232 1355 2275 Epist.
1371 2234 1402 2264 8.
1425 2230 1484 2263 ubi
1506 2231 1624 2263 multis
1644 2231 1733 2264 hanc
1747 2231 1868 2265 lectio-

1156 2292 1236 2315 nem
1259 2280 1452 2315 confirm‘at.
1487 2280 1624 2313 Vossius.
1672 2281 1784 2314 Gausoe
1806 2291 1870 2315 uon

1157 2332 1324 2375 Pompeio]
1347 2331 1542 2364 Gronovius
1552 2331 1708 2365 Diatrib.
1722 2332 1767 2365 ad
1776 2332 1868 2367 stat.

1157 2384 1218 2417 lib.
1236 2392 1294 2415 ιιι.
1310 2382 1387 2414 silv.
1403 2391 1461 2414 ιιι.
1488 2391 1520 2414 c.
1537 2384 1592 2414 32.
1609 2382 1714 2424 legit:
1739 2384 1868 2418 Conna

1157 2435 1279 2468 nornine
1303 2433 1466 2475 Pompeio,
1490 2434 1544 2475 &a
1569 2433 1605 2466 id
1631 2438 1698 2476 est,
1725 2439 1767 2468 ut
1791 2436 1870 2480 ipse

1158 2496 1316 2520 caussam
1340 2485 1495 2518 Senatus
1509 2489 1678 2528 tueretur,
1702 2486 1870 2520 subintel-

1158 2538 1240 2580 lige,
1254 2547 1324 2570 non
1337 2542 1377 2569 ut
1392 2536 1593 2579 imperaret,
1606 2537 1663 2570 vel
1677 2538 1793 2580 potius
1807 2537 1869 2572 do-

1158 2590 1362 2629 minaretur,
1388 2594 1467 2620 cum
1491 2593 1614 2621 contra
1627 2589 1801 2623 Caesartun
1814 2590 1870 2625 sui

1161 2640 1350 2674 Dominum
1365 2643 1572 2672 assererent.
1594 2639 1738 2674 Butler.

1205 2692 1243 2724 N
1243 2691 1303 2724 ihil
1311 2690 1458 2723 relictum
1466 2701 1487 2723 α
1498 2690 1642 2732 Goesare]
1663 2691 1756 2725 Vide
1767 2701 1871 2735 quam

1161 2742 1343 2776 dissentiat
1376 2740 1585 2775 Plutarchus
1625 2741 1662 2774 in
1703 2741 1871 2777 Antonio.

1161 2793 1341 2828 Manutius.
1385 2792 1480 2826 Nihil
1505 2792 1651 2825 relictum
1674 2802 1696 2826 ο
1725 2793 1870 2842 Gon-re]

1161 2846 1222 2882 Ita
1234 2845 1375 2892 quidem
1388 2853 1462 2890 pre
1486 2853 1525 2879 se
1545 2842 1710 2880 ferebat.-
1726 2845 1871 2884 sedfor·
