2002 3250
309 246 372 291 22
851 251 1251 287 PnonneoMssNA.

312 353 490 409 ingenio
509 352 603 395 fieri
623 354 816 408 poterat,
836 352 909 395 vel
929 351 1084 406 plures
1103 349 1330 399 notioneS,
1350 357 1592 402 earumque
1611 342 1725 391 inter
1743 354 1805 391 se·

311 425 543 474 rationem,
576 421 864 478 paucissimis
891 421 1040 463 verbis
1060 419 1332 473 constringit,
1354 418 1426 460 vel
1447 418 1600 473 plures
1620 420 1801 460 senten--

313 494 402 536 tias
436 505 524 534 uno
559 491 794 533 verborum
830 489 1074 544 complexu
1109 487 1351 530 concludit.
1412 486 1476 529 Ut
1507 487 1639 541 igitur
1670 484 1808 542 apud‘

314 559 591 610 Sallustium,
611 559 679 600 ita
699 557 818 614 apud
838 557 1064 600 Velleium
1083 556 1330 611 frequenter
1351 555 1498 599 obviae
1519 558 1621 597 sunt
1639 555 1798 597 verbo-

311 642 409 671 rum
425 628 742 683 cujuscumque
762 625 950 681 generis,
973 624 1306 680 particularum,
1325 625 1572 675 nominum,
1595 625 1798 667 substan-

312 698 508 740 tivorum
530 709 658 751 aeque
683 708 737 737 ac
774 695 1116 750 adjectivorum,
1150 693 1470 748 verborumque
1490 692 1691 748 ellipses‚
1714 691 1797 736 sed

313 765 577 821 optimorum
617 764 888 818 scriptorum
931 762 1141 817 exemplo
1181 762 1500 817 comprobatae.
1581 761 1798 804 Nonnun-

315 846 452 889 quam
466 833 598 884 adeo,
615 832 734 887 quod
750 845 984 874 commune
1000 834 1067 873 est
1085 831 1295 873 omnibus
1308 831 1546 873 brevitatis
1564 830 1797 883 studiosis,

312 901 588 944 vocabulum
609 914 669 943 ex
689 899 975 955 praecedente
997 903 1206 954 cognato,
1224 898 1303 940 sed
1323 898 1514 941 diversae
1536 900 1708 951 formae,
1728 912 1801 942 re-

314 970 559 1026 petendum
593 969 763 1011 assumi
789 968 947 1023 jubet3
978 982 1023 1011 v.
1045 982 1083 1011 c.
1107 980 1162 1010 11.
1183 968 1256 1010 17.
1289 967 1498 1010 ‘consul’
1530 968 1587 1010 ad
1618 967 1799 1014 ‘factus

313 1037 403 1081 est’
423 1052 482 1081 ex
503 1041 517 1061 ‘
530 1038 809 1080 consulatum
830 1036 1014 1091 petens.'
1037 1048 1092 1078 11.
1113 1037 1186 1079 39.
1208 1038 1222 1058 ‘
1236 1035 1545 1091 stipendiaria’
1573 1035 1632 1078 ad
1653 1037 1800 1085 ‘facta

314 1110 380 1149 est
396 1104 636 1149 Numidia'
665 1118 723 1147 ex
754 1105 1037 1159 praecedente
1067 1104 1396 1160 ‘stipendium.'
1456 1104 1619 1147 Plures
1637 1104 1803 1152 deinde-

314 1174 519 1217 notiones
538 1175 610 1217 vel
630 1174 712 1216 sub
734 1174 1059 1230 adjectivorum
1078 1174 1260 1226 neutris,
1279 1186 1321 1216 v.
1340 1187 1380 1216 c.
1406 1184 1463 1216 11.
1483 1174 1557 1217 84.
1589 1173 1808 1216 ‘meliora-

316 1249 365 1286 et
396 1242 600 1286 utiliora'
629 1256 712 1297 pro
737 1249 883 1298 partes
923 1241 1108 1284 meliores
1146 1249 1186 1285 et
1223 1257 1267 1283 u.
1303 1241 1384 1299 (cf.
1409 1254 1464 1284 11.
1484 1240 1581 1298 49.)
1610 1242 1682 1285 vel
1714 1242 1808 1284 sub-

315 1312 523 1368 epithetis
542 1311 801 1354 nominibus
822 1310 1028 1366 adjectis,
1057 1324 1101 1353 v.
1123 1325 1166 1353 c.
1190 1322 1245 1352 11.
1266 1310 1338 1368 24.
1372 1314 1385 1333 ‘
1400 1314 1611 1353 externus
1631 1309 1800 1354 metus’

317 1393 403 1435 pro
437 1394 491 1420 m.
529 1379 583 1421 ab
624 1377 733 1420 hoste
775 1385 957 1425 externo.
1000 1390 1055 1420 11.
1075 1379 1148 1422 50.
1193 1381 1206 1400 ‘
1227 1391 1352 1422 arma
1384 1378 1684 1434 principalia'
1715 1392 1800 1434 pro

318 1447 469 1491 bellum
497 1447 608 1490 inter
631 1447 842 1504 principes
874 1445 1072 1499 civitatis,
1101 1448 1368 1502 complexus
1409 1451 1493 1490 est.
1556 1447 1665 1490 Pari
1691 1448 1801 1491 rati-

318 1530 402 1560 one
422 1518 782 1568 enuntiationem,
818 1517 1024 1572 pluribus
1057 1517 1208 1559 verbis
1243 1515 1581 1570 absolvendam,
1614 1529 1705 1559 uno
1725 1517 1801 1560 vel

318 1587 497 1629 duobus
518 1586 793 1641 constringit,
823 1589 873 1627 ut
903 1588 916 1608 ‘
930 1585 1096 1627 civium
1115 1588 1222 1627 voto
1242 1582 1418 1640 major,'
1450 1595 1504 1626 11.
1524 1584 1596 1627 40.
1631 1584 1707 1627 ‘in
1728 1585 1802 1628 id'v

319 1669 358 1698 s.
390 1654 534 1707 ‘hoc,’
564 1668 662 1710 pro,
684 1669 729 1696 eo
746 1653 927 1706 consilio,
959 1654 1081 1709 quod
1100 1667 1124 1696 e
1144 1658 1357 1696 contextu
1374 1653 1692 1708 explicandum
1714 1657 1801 1707 est,

317 1739 362 1766 v.
380 1738 418 1767 c.
444 1735 499 1767 11.
519 1724 596 1767 27.
615 1724 716 1766 114.
749 1723 971 1778 ‘imperio
991 1726 1144 1765 nostro
1181 1725 1226 1764 et
1258 1735 1340 1764 suo
1374 1734 1586 1778 quaerens
1617 1722 1800 1774 orbem,'

321 1793 420 1836 scil.
450 1806 632 1844 novum,
664 1802 719 1834 11.
739 1792 811 1834 46.
842 1791 887 1834 h.
912 1805 949 1834 e.
981 1805 1020 1847 q.
1043 1805 1079 1831 o.
1102 1805 1145 1833 n.
1176 1790 1243 1832 cui
1273 1805 1343 1832 nos
1373 1790 1629 1846 imperemus,
1661 1797 1700 1832 et
1718 1790 1804 1847 ipse

318 1862 501 1918 imperet.
594 1861 928 1916 Nonnunquam
962 1860 1118 1902 eadem
1152 1859 1365 1902 dictionis
1403 1859 1678 1915 parsimonia
1705 1873 1803 1908 rem

322 1932 471 1973 actam
491 1929 715 1984 quandam
737 1929 949 1980 declarat,
981 1933 1138 1971 utnon
1171 1929 1260 1970 nisi
1281 1928 1527 1971 lectoribus
1545 1941 1689 1970 rerum
1708 1941 1803 1976 non

319 1999 488 2054 ignaris
510 1998 778 2054 perspicuus
810 2011 912 2040 esse
942 1998 1105 2053 possit,
1136 2011 1181 2040 v.
1203 2011 1244 2040 c.
1269 2008 1323 2039 11.
1343 1997 1417 2040 46.
1450 1996 1698 2040 ‘invictum
1717 2010 1802 2053 par

320 2066 587 2118 consulum,'
617 2067 716 2109 scil.
748 2068 795 2109 in
830 2066 1107 2110 contentione
1137 2068 1193 2110 de
1216 2066 1448 2110 consulatu
1467 2079 1570 2108 cum
1589 2065 1804 2121 competi—

318 2136 518 2189 toribus;
550 2139 593 2178 et
612 2150 743 2178 mox:
775 2136 1064 2179 ‘consulatus
1093 2137 1308 2192 Pompeii
1343 2140 1386 2179 et
1411 2135 1568 2178 Crassi
1600 2149 1687 2177 non
1721 2135 1801 2178 ho-

320 2209 446 2248 neste
491 2206 556 2260 [h.
592 2217 631 2248 e.
665 2218 747 2260 per
779 2204 890 2257 vim]
939 2205 1106 2260 petitus
1120 2205 1146 2257 ;'
1203 2216 1260 2247 11.
1287 2205 1361 2247 49.
1410 2206 1424 2226 ‘
1438 2216 1541 2245 cum
1583 2203 1806 2246 Lentulus.

318 2274 449 2316 salva
466 2287 565 2329 rep.
587 2273 740 2315 salvus
762 2286 861 2315 esse
881 2286 969 2315 non
990 2272 1175 2326 posset,’
1206 2272 1303 2314 scil.
1325 2272 1384 2314 ob
1405 2285 1471 2314 aes
1493 2272 1684 2314 alienum
1705 2285 1805 2326 gra·

320 2342 556 2384 vissimum
595 2345 885 2384 contractum.
947 2341 1158 2383 Pluribus
1194 2341 1383 2396 denique
1414 2340 1802 2395 propositionibus

319 2424 412 2453 una
468 2411 707 2453 verborum
749 2409 1145 2464 comprehensione
1199 2408 1517 2450 concludendis
1561 2408 1804 2458 admodum

320 2479 594 2522 inserviebat
615 2479 788 2534 patrius
810 2491 974 2538 sermo,
1006 2478 1254 2533 elegantem
1287 2480 1333 2518 et
1366 2476 1641 2531 frequentem
1670 2489 1803 2523 usum

319 2549 676 2604 participiorum,
715 2547 1032 2602 adjectivorum
1052 2547 1280 2602 participii
1300 2547 1403 2588 loco
1424 2544 1800 2600 usurpandorum‚

322 2617 616 2660 ablativorum
638 2616 947 2659 absolutorum
967 2616 1396 2670 gerundiorumque;
1428 2628 1612 2669 quorum
1629 2614 1808 2657 auxilio-

320 2684 523 2747 Velleius
542 2687 714 2741 egregie
736 2690 808 2728 est
825 2699 951 2728 usus.

380 2753 480 2797 Etsi
503 2768 608 2797 vero
626 2755 821 2797 brevitas
841 2753 1019 2796 dicendi
1041 2757 1191 2808 regnat
1220 2753 1266 2795 in
1285 2752 1451 2795 Velleii
1472 2764 1620 2806 opere,
1649 2754 1805 2794 auctor

323 2829 472 2871 tamen
491 2826 533 2868 ei
551 2839 643 2871 non
660 2826 725 2869 ita
746 2838 795 2868 se
812 2824 1005 2876 addixit,
1024 2827 1090 2876 ut,
1124 2824 1203 2866 ubi
1225 2824 1401 2868 animus
1423 2823 1673 2870 commotus
1702 2832 1804 2865 ora-

324 2894 460 2941 tionis
482 2894 710 2953 angustias
725 2897 967 2955 respueret,
982 2893 1029 2937 in
1046 2895 1216 2940 arctum
1232 2895 1407 2951 cogeret
1423 2902 1613 2943 sensus;
1635 2890 1804 2940 contra,
