2008 3210
318 263 449 309 lxviii

362 375 529 426 (tanquam
544 383 602 417 par
615 376 699 407 esset
710 374 759 406 M.
771 374 958 417 Imperatori
970 375 1031 420 R.)

359 419 396 457 ir,
415 422 478 451 109

318 464 467 496 Paratum
483 459 535 503 (in
549 459 690 504 promtu)
700 460 954 502 erat—junctum
976 473 1030 494 ve-

360 505 502 537 hiculum
523 503 560 542 ii,
577 507 640 538 114
674 503 884 546 paratissimus
909 506 1031 554 (prom-

361 547 516 597 tissimus)
553 547 698 580 omnibus
720 548 875 579 audendis
918 547 953 586 ir,
986 552 1032 581 56

358 593 460 623 honor
475 590 581 633 dignis
596 590 809 633 paratissimus
831 590 865 629 ii,
884 593 947 625 126
971 592 1032 635 (cf.

359 635 472 667 Honor

314 680 430 719 Parere
466 634 657 710 lionoratiori
692 676 825 720 (ducere
861 678 1032 710 exercitum

359 723 418 754 sub
442 720 493 764 h.)
514 720 554 759 ii,
576 724 619 755 54
653 719 786 762 parendi
808 720 1033 755 scientissimus

358 764 513 808 (cedendi
537 763 708 807 superiori)
729 763 764 801 ii,
780 766 823 800 79
858 774 971 806 parens
992 766 1032 796 ad

360 809 466 840 omnia
493 808 543 851 (o.
569 806 766 849 concedens)
795 806 830 844 ii,
846 810 887 839 23
926 818 1033 849 parere

354 852 412 894 (de
427 850 554 895 populis
561 849 668 892 victis)
677 849 712 886 ii,
724 853 777 882 39.
788 850 946 893 90.—(de
957 850 1034 883 civi-

356 896 416 927 bus
444 894 511 937 regi
535 892 773 936 obedientibus)
805 893 840 932 ii,
857 895 1034 938 108.—(de

358 938 515 982 exercitu)
537 937 572 975 ii,
586 940 652 970 110

317 981 433 1014 Parim
472 991 621 1024 peperere
650 979 711 1012 sibi
735 980 817 1013 ferro
841 979 976 1012 reditum
992 982 1033 1013 ad

364 1035 437 1057 suos
460 1025 494 1064 ii,
512 1028 575 1057 120

315 1067 394 1100 Pars
418 1067 587 1100 voluminis
610 1067 695 1109 prior
716 1072 750 1098 et
772 1066 927 1109 posterior
949 1068 973 1105 i,
989 1070 1030 1100 14

359 1122 475 1153 magna
507 1111 640 1143 Graeciae
679 1110 703 1149 i,
729 1114 751 1143 9
786 1110 917 1143 Achaiae
939 1110 963 1148 i,
993 1114 1034 1144 12

358 1166 430 1197 pars
445 1154 733 1198 (hostium)--pars
746 1159 807 1186 eet.
833 1153 869 1192 ii,
889 1157 953 1187 110
975 1154 1034 1198 (cf.

360 1198 396 1236 ii,
414 1198 505 1241 112).
526 1209 598 1241 pars
619 1197 719 1239 major
733 1197 911 1229 aestivarum
938 1208 1033 1240 expe-

359 1241 515 1275 ditionum
538 1242 573 1279 ii,
599 1244 662 1275 114
698 1241 800 1283 prima
821 1240 967 1272 introitus
981 1240 1033 1284 (in

358 1284 561 1328 Armeniam)
582 1284 618 1322 ii,
638 1287 698 1317 102
721 1284 780 1327 (cf.
802 1283 983 1326 Introitus).
999 1290 1034 1316 ut

358 1329 495 1366 facilius,
511 1339 605 1370 quam
617 1327 768 1377 partibus,
781 1327 855 1370 (per
870 1332 972 1369 partes
984 1327 1033 1359 di-

359 1371 443 1416 visa)
458 1372 550 1404 simul
575 1381 720 1403 umversa
744 1370 887 1412 conspici
910 1370 1034 1413 possint

359 1415 396 1454 ii,
411 1419 454 1449 38
476 1414 618 1458 partibus
638 1415 714 1458 (per
734 1413 853 1457 partes)
867 1414 1033 1456 eloquatur

359 1459 397 1496 ii,
421 1462 485 1492 126
517 1458 570 1491 Sic
594 1458 630 1495 ii,
645 1461 700 1490 ss.
727 1460 803 1490 111.
839 1456 1032 1498 divisispar-

361 1501 446 1533 tibus
467 1501 667 1544 (muneribus
684 1501 759 1532 belli
773 1499 920 1542 gerendi)
941 1500 977 1538 ii,
988 1503 1030 1532 95

361 1555 433 1586 pars
448 1544 602 1588 (tractus)
615 1543 770 1575 maritima
783 1542 905 1586 Illyrici
919 1542 954 1581 ii,
968 1546 1030 1575 125

362 1588 393 1620 ei
424 1588 505 1630 parti
535 1586 753 1631 (certaminis)
783 1586 969 1624 destinatus,
998 1586 1032 1617 in

361 1641 457 1673 quam
472 1642 491 1663 a
505 1631 631 1663 fortuna
642 1635 805 1662 vocaretur
819 1630 854 1667 ii,
867 1632 908 1662 85
925 1630 984 1672 (cf.
997 1629 1031 1667 ii,

359 1674 453 1717 105).
469 1679 573 1716 partes
586 1674 659 1717 (pro
673 1672 830 1715 factione)
842 1672 864 1710 i,
880 1675 912 1705 9.
927 1672 962 1711 ii,
977 1675 1031 1705 22.

358 1721 413 1750 28.
435 1721 490 1756 53,
514 1722 547 1749 et
567 1717 695 1759 passim.
735 1716 876 1758 partibus
898 1715 1032 1758 alicujus

359 1772 393 1793 se
409 1760 539 1793 miscere
561 1760 596 1799 ii,
612 1763 656 1793 86
689 1770 770 1802 opus
797 1764 863 1791 erat
893 1759 1033 1802 partibus

359 1803 550 1847 (Cinnanis)
572 1804 670 1846 gratia
682 1808 744 1836 cet.
765 1802 800 1840 ii,
815 1806 858 1835 20
883 1805 889 1811 ”

321 1847 485 1890 Particeps
508 1848 604 1879 caedis
619 1846 751 1880 Caesaris
772 1846 807 1884 ii,
823 1849 866 1878 69
903 1856 1031 1887 operum

360 1891 561 1934 (bellicorum
577 1890 681 1923 socius
705 1895 737 1922 et
752 1888 896 1931 adjutor)
918 1890 952 1926 ii,
968 1893 1031 1923 116

317 1934 434 1966 Parum
469 1934 608 1966 habebat
635 1934 821 1976 (contentus
846 1943 911 1963 non
948 1932 1031 1976 erat)

361 1988 482 2010 summa
497 1977 656 2019 accepisse
678 1977 711 2014 ii,
724 1980 768 2010 76

317 2021 484 2054 Patefacta
498 2020 630 2053 consilia
651 2020 686 2058 ii,
701 2022 745 2053 76
770 2018 830 2062 (cf.
847 2018 928 2060 102)

316 2065 390 2098 Pati
420 2070 475 2096 aut
503 2065 605 2096 facere
627 2063 759 2106 turpiter
788 2063 877 2104 quod
903 2062 1031 2094 foemina

361 2113 468 2150 posset
478 2107 674 2150 (obscoenam
689 2107 848 2138 libidinem
865 2105 973 2147 notat)
995 2106 1030 2144 ii,

362 2154 427 2184 100
457 2151 534 2193 quid
558 2149 775 2194 (injuriarum)
804 2148 886 2191 passi
914 2154 1028 2186 essent,

362 2194 501 2226 nuntiari
530 2194 589 2226 sibi
617 2194 776 2225 malebant
808 2192 844 2229 ii,
872 2194 915 2224 66
952 2192 1030 2234 quid

364 2248 431 2269 non
442 2237 639 2279 impetrando
649 2236 769 2278 passuri
779 2235 945 2267 fuissemus
959 2236 1030 2278 (sel.

363 2280 456 2323 mali)
478 2280 515 2319 ii,
539 2284 601 2313 125
640 2281 792 2312 excedere
814 2278 909 2318 Italia
922 2289 1031 2320 passus

356 2324 499 2356 Fulviam
541 2323 716 2367 (permisit)
758 2322 792 2360 ii,
830 2325 874 2354 76
909 2321 961 2353 Sic
997 2321 1031 2359 ii,

360 2371 436 2400 129.
460 2367 584 2409 patiens
598 2366 768 2398 officiorum
785 2363 962 2396 militarium
978 2365 1033 2407 (iis

362 2411 554 2443 sustinendis
571 2409 645 2452 par)
667 2409 702 2447 ii,
719 2413 780 2441 105
815 2418 969 2439 armorum
986 2408 1031 2439 la-

362 2455 537 2496 borumque
552 2452 772 2495 patientissimi
793 2450 828 2488 ii,
843 2454 886 2484 34

320 2496 483 2530 Patientia
499 2496 708 2538 periculorum
731 2495 764 2532 ii,
779 2497 833 2527 41.
848 2497 891 2526 78

322 2541 464 2572 Patratio
475 2540 549 2583 (sel.
560 2539 652 2577 -belli,
667 2538 840 2579 confectio)
861 2537 894 2574 ii,
909 2539 953 2569 98

312 2584 442 2618 Patrare
451 2583 569 2615 bellum
581 2581 770 2626 (conficere)
790 2581 829 2618 ii,·
839 2583 892 2612 11.
907 2584 961 2613 30.
976 2583 1031 2617 59,

359 2632 422 2658 etc.
455 2626 702 2669 praeliumii,·21
727 2625 786 2668 (cf.
803 2623 1033 2665 committere).

364 2680 431 2700 uon
466 2670 635 2712 quicquam
665 2679 775 2700 ausum
814 2672 1031 2709 patratumque

361 2713 572 2755 (perfectum)
585 2712 696 2743 fortius
706 2710 742 2749 ii,
755 2714 797 2743 80
812 2710 948 2752 patravit
958 2711 1029 2753 (ex-

364 2761 474 2787 ecutus
496 2756 561 2798 est)
586 2756 712 2787 decreta
741 2753 891 2796 consilia)
914 2754 948 2792 ii,
967 2757 1030 2787 110

320 2797 416 2829 Pater
429 2800 538 2839 patriae
550 2799 730 2843 (Augustus
770 2797 806 2836 ii,
822 2800 884 2830 123
907 2802 1029 2839 patrum

337 2855 340 2859 ·
358 2840 552 2883 (majorum)
574 2848 667 2874 aetate
687 2842 722 2879 ii,
737 2844 781 2874 90
823 2845 950 2872 centurn
973 2842 1028 2873 ho-

357 2882 463 2925 mines
498 2884 614 2923 electos
642 2885 881 2927 appellatosque
919 2884 1027 2916 Patres

975 275 1138 309 INDEX

1127 376 1224 409 instar
1245 377 1369 411 consilii
1391 380 1500 412 habult
1521 380 1639 422 publici
1660 379 1686 426 ἷ,
1711 384 1736 417 8

1082 419 1197 452 Patriae
1211 421 1305 464 (reip.
1320 421 1423 454 liberoe
1440 423 1535 455 Marii
1550 425 1728 468 Cinnaque
1741 435 1791 458 u-

1126 463 1185 495 mis
1212 465 1388 509 oppressae)
1406 482 1407 485 =
1428 466 1566 509 dignitas
1601 468 1794 502 vindicanda

1125 506 1380 551 restituendaque
1401 508 1492 547 ineo
1514 511 1623 552 patriae
1637 511 1793 555 (civibus)

1125 549 1242 582 bellum
1269 550 1364 582 insert
1392 551 1428 590 ii,
1451 555 1505 586 21.
1521 556 1563 587 82
1599 554 1652 586 Sic
1674 555 1708 593 ii,
1728 554 1794 588 68.

1127 595 1202 625 100.
1238 594 1420 636 cognationi
1456 596 1622 638 preferens
1700 597 1792 630 triam

1126 635 1222 678 (reip.
1239 637 1372 669 salutern
1387 638 1480 670 saluti
1494 639 1638 683 cognati)
1660 640 1695 679 ii,
1711 644 1732 674 8

1084 678 1183 710 Patrii
1197 680 1248 722 (h.
1261 691 1290 712 e.
1303 681 1428 722 patriae)
1438 680 1516 713 ritus
1530 683 1675 715 custodia
1694 683 1720 722 i,
1734 687 1756 718 4

1083 721 1269 754 Patrimonii
1280 723 1354 766 (sel.
1368 724 1530 767 servandi)
1543 735 1615 767 spes
1635 725 1672 766 ii,
1684 730 1748 761 1⁰³

1084 764 1297 797 Patrocinium
1336 777 1443 799 eorum
1485 768 1643 810 professus
1685 769 1720 808 ii,
1733 773 1791 810 ,75

1127 808 1270 851 (causam
1280 819 1386 841 eorum
1401 811 1584 852 suscipiens,
1606 812 1648 844 cf.
1660 811 1695 850 ii,
1711 814 1793 857 120)

1083 851 1240 884 Patronus
1281 859 1453 895 perpetuus
1481 853 1577 886 Rom.
1607 855 1730 898 imperii
1757 857 1792 895 fi,

1129 898 1192 928 120
1215 896 1274 939 (cf.
1287 896 1321 934 ii,
1339 896 1421 939 104)

1084 937 1232 971 Paucitas
1248 939 1280 970 in
1297 949 1392 982 parvo
1411 939 1581 972 ministeria
1595 951 1662 973 non
1676 942 1795 974 defecit

1129 981 1343 1024 (mediocritas
1373 983 1550 1026 adjutorum
1573 984 1607 1016 in
1622 984 1724 1027 parvis
1738 996 1795 1017 ne-

1113 1023 1220 1067 -gotiis
1234 1025 1403 1058 ministeria
1413 1029 1591 1070 peragenda
1599 1027 1716 1062 infecta
1730 1039 1798 1061 non

1128 1068 1274 1110 reliquit)
1295 1069 1331 1107 ii,
1347 1073 1409 1103 127

1085 1111 1154 1143 Pax
1178 1112 1276 1143 infida
1315 1113 1341 1150 i·‚
1369 1116 1411 1146 12
1448 1112 1564 1146 diffusa
1591 1114 1625 1146 in
1654 1114 1796 1148 Orientis

1127 1154 1377 1198 Occidentisque
1404 1161 1531 1195 tractus,
1556 1158 1624 1190 Pax
1650 1157 1796 1201 Augusta

1126 1198 1161 1236 ii,
1186 1201 1249 1232 126
1286 1200 1461 1241 composita
1482 1199 1516 1238 ii,
1544 1205 1588 1234 76
1620 1201 1699 1234 inita
1721 1213 1794 1234 cum

1128 1242 1282 1284 Pompe-io
1305 1243 1391 1280 ἱί,77
1414 1249 1560 1275 revocata
1580 1245 1615 1282 ii,
1630 1248 1674 1278 89
1706 1245 1795 1288 pacis

1126 1285 1324 1318 conditiones
1340 1286 1553 1319 saluberrimas
1567 1294 1601 1319 et
1613 1289 1794 1322 coalescen-

1127 1333 1175 1360 tes
1203 1329 1351 1361 discussit
1373 1340 1410 1362 ac
1435 1331 1520 1372 rupit
1541 1330 1577 1369 ii,
1591 1334 1636 1364 48
1674 1332 1708 1364 in
1730 1333 1794 1364 hoc

1126 1371 1215 1413 pacis
1239 1373 1357 1404 foedere
1380 1373 1502 1415 placuit
1522 1374 1558 1413 ii,
1575 1377 1617 1408 77
1654 1376 1696 1407 ad
1721 1386 1791 1407 eam

1126 1425 1237 1456 pacem
1252 1416 1427 1457 provincias
1442 1416 1598 1458 perduxit,
1617 1422 1654 1449 nt
1675 1423 1736 1451 oet.
1758 1418 1794 1458 ii,

1125 1461 1169 1490 90
1190 1458 1224 1490 in
1246 1459 1411 1501 pristinum
1422 1459 1510 1501 pacis
1529 1461 1651 1502 redegit
1663 1462 1792 1493 modurn

1124 1500 1159 1538 ii,
1171 1505 1214 1534 98
1237 1512 1316 1544 pace
1331 1502 1503 1544 diligentiae
1519 1503 1650 1536 Catonis
1663 1505 1793 1537 dixerim

1125 1544 1148 1581 i,
1164 1548 1183 1576 7
1206 1546 1264 1586 (cf.
1286 1544 1310 1582 i,
1324 1548 1377 1578 17.
1399 1545 1434 1584 ii,
1450 1546 1532 1589 129)
1773 1548 1776 1551 ’

1082 1587 1178 1628 Pejor
1191 1587 1238 1619 illi
1249 1598 1296 1620 res
1307 1587 1480 1626 familiaris,
1493 1599 1587 1631 quam
1601 1600 1691 1623 mens
1704 1589 1739 1629 ii,
1749 1593 1792 1624 68

1082 1630 1218 1662 Penates
1233 1631 1381 1674 (domus)
1401 1632 1435 1670 ii,
1451 1635 1504 1665 74.
1518 1635 1560 1665 95

1082 1674 1226 1706 Pendere
1238 1685 1347 1716 poenas
1368 1674 1402 1712 ii,
1425 1678 1488 1708 100

1082 1717 1186 1750 Penes
1199 1728 1271 1749 curn
1282 1728 1403 1749 summa
1418 1719 1528 1751 virium
1542 1725 1610 1752 erat
1631 1719 1666 1759 ii,
1676 1723 1719 1755 63

1081 1760 1263 1798 Penetrare‚
1279 1766 1402 1799 terram,
1417 1767 1527 1804 gentes
1551 1763 1625 1806 (sel.
1639 1774 1712 1797 curn
1725 1763 1792 1797 vic-

1126 1804 1225 1847 toria)
1245 1803 1280 1842 ii,
1292 1808 1323 1837 5.
1338 1808 1392 1837 47.
1409 1809 1483 1838 105.
1500 1809 1565 1840 120
1588 1807 1648 1849 (ef.
1669 1807 1706 1846 ii,
1719 1808 1794 1852 4ο).

1126 1858 1198 1880 cum
1211 1848 1329 1879 malum
1358 1848 1473 1892 (belli)
1497 1849 1531 1881 in
1560 1861 1668 1882 ornnes
1693 1861 1794 1894 pene-

1125 1896 1236 1940 trasset
1265 1892 1490 1934 (propagatum
1525 1893 1624 1937 esset)
1649 1895 1793 1937 regiones

1124 1944 1160 1972 n,
1177 1938 1217 1967 15
1249 1950 1255 1959 ··

1082 1977 1216 2009 Penitus
1241 1977 1338 2010 Rom.
1367 1977 1491 2010 nomini
1518 1979 1735 2013 infestissimus
1756 1980 1792 2020 ii,

1124 2024 1166 2053 27
1191 2021 1247 2064 (ex
1262 2022 1325 2053 imo
1342 2022 1486 2065 pectore)

1081 2065 1233 2097 Pensavit
1260 2062 1527 2109 (compensavit)
1576 2071 1791 2108 praematuram

1123 2113 1253 2140 mortem
1268 2108 1433 2140 immortali
1454 2109 1589 2141 nominis
1611 2110 1662 2142 sui
1674 2121 1791 2143 merno-

1122 2152 1168 2182 ria
1189 2152 1223 2189 ii,
1236 2155 1278 2184 88
1313 2152 1450 2183 victoriae
1465 2153 1661 2185 occasionem
1674 2155 1791 2186 damno

1124 2194 1230 2226 amissi
1258 2194 1364 2226 militis
1386 2206 1516 2237 pensare
1541 2195 1726 2240 (redimere)
1755 2196 1792 2236 ii,

1082 2282 1144 2313 Per
1158 2279 1342 2323 publicanos
1356 2281 1535 2314 criminatus
1555 2282 1723 2315 Metellum
1740 2283 1790 2326 (li.

1127 2335 1156 2355 e.
1198 2335 1305 2355 eorum
1335 2325 1448 2367 opera)
1471 2325 1505 2362 ii,
1535 2329 1573 2358 11
1612 2325 1664 2358 Sic
1686 2326 1722 2364 ii,
1738 2331 1792 2360 15.

1127 2370 1168 2399 12
1205 2366 1311 2398 Latini
1330 2368 1444 2409 leporis
1456 2368 1578 2400 facetiae
1594 2370 1790 2411 per'Caecili-

1126 2421 1178 2442 um
1195 2410 1338 2453 (ingenio
1354 2416 1387 2442 et
1413 2415 1504 2442 aetate
1527 2411 1667 2455 Caecilii)
1686 2413 1792 2446 nitue-

1126 2458 1198 2484 runt
1219 2454 1242 2490 i,
1256 2457 1296 2485 17
1334 2464 1390 2496 per
1415 2459 1463 2485 tot
1477 2456 1716 2488 extraordinaria
1731 2457 1791 2489 im-

1127 2496 1212 2537 peria
1225 2497 1392 2538 (tanquam
1413 2508 1469 2539 per
1495 2499 1626 2542 gradus)
1651 2500 1686 2531 in
1706 2511 1790 2532 sum—

1127 2550 1212 2570 mum
1238 2539 1396 2581 fastigium
1422 2548 1549 2573 evectus
1586 2542 1621 2580 ii,
1645 2545 1689 2575 80
1734 2554 1792 2586 pet·

1125 2582 1241 2625 (inter)
1253 2594 1403 2615 summam
1415 2584 1553 2626 quietern
1568 2595 1605 2617 ac
1615 2585 1791 2619 dissimula-

1126 2625 1245 2658 tionem
1267 2626 1303 2663 ii,
1319 2630 1363 2659 88
1397 2638 1453 2669 per
1480 2628 1530 2659 M.
1557 2627 1730 2672 Agrippam
1754 2630 1788 2662 id

1126 2679 1235 2701 securo
1249 2669 1279 2700 ei
1295 2680 1386 2711 posse
1401 2671 1582 2714 contingere
1603 2682 1669 2703 non
1683 2672 1790 2704 existi-

1125 2713 1253 2744 mabant
1276 2714 1326 2755 (h.
1346 2724 1375 2745 e.
1400 2715 1544 2746 obstante
1570 2714 1730 2759 Agrippa)
1751 2715 1788 2754 ii,

1079 2797 1242 2840 Perceptis
1260 2798 1435 2832 'minoribus
1459 2801 1614 2843 (acceptis
1634 2812 1675 2832 m.
1701 2811 1788 2833 com-

1123 2842 1241 2884 modis)
1264 2842 1298 2879 ii,
1315 2846 1355 2875 13
1794 2838 1802 2850 l

1079 2885 1261 2918 Percurrerc
1276 2886 1383 2927 paucis
1398 2885 1432 2923 ii,
1447 2889 1490 2919 38
