2008 3210
393 224 473 267 xiv

438 331 601 374 Opimium
612 331 652 363 de
667 341 745 372 pace
761 332 883 370 missus,
895 333 935 364 ab
947 334 1057 365 eodem
1070 334 1103 366 in

440 385 563 408 carcere
577 378 706 407 necatus
720 375 754 412 ii,
769 378 789 407 7

397 419 525 451 Fulvius
541 417 686 449 Nobilior
707 416 796 459 (M.)
820 418 929 450 consul
942 418 965 458 i,
983 422 1022 452 15
1046 419 1104 451 AE-

441 462 548 493 toliam
566 461 689 503 subegit
703 461 736 498 ii,
753 463 795 493 38

398 504 542 536 Fundani
569 504 621 547 (in
649 502 847 548 Ausonibus)
876 504 920 536 'in
949 504 1106 537 civitatem

443 547 561 590 recepti
575 548 597 585 i,
614 549 656 579 14

401 591 610 628 Fustuarium‚
626 590 732 623 militis
746 590 865 633 fugacis
880 601 918 622 ex
933 591 1000 624 acie
1014 602 1107 634 poena

443 634 478 673 ii,
493 636 537 667 78

737 762 779 795 G.

402 849 544 887 Gabinii,
567 849 622 888 A„
636 849 706 881 trib.
721 849 804 890 pleb.
820 849 870 880 lex
886 850 926 880 de
941 849 1001 881 Cn.
1016 848 1111 880 Pom-

443 894 519 936 peio
534 898 642 925 eontra
667 893 782 935 piratas
806 896 878 924 curti
905 892 1035 935 imperio
1058 903 1112 923 ex-

448 937 651 968 traordinario
667 936 820 966 mittendo
837 936 871 976 ii,
883 938 924 968 31

406 978 526 1017 Gades,
542 990 561 1011 a
573 979 675 1023 Tyriis
689 979 817 1010 condita
831 979 857 1016 i,
867 981 888 1010 2

406 1021 521 1061 Galba,
537 1023 614 1063 Ser.‚
630 1027 732 1053 orator
747 1022 768 1059 i,
786 1025 837 1054 17.
862 1022 895 1059 ii,
911 1024 933 1053 9

405 1065 578 1104 Gallaecus,
591 1066 654 1096 vid.
671 1065 714 1096 D.
730 1065 846 1096 Brutus

407 1107 521 1141 Gauiae
550 1109 683 1151 primum
712 1109 834 1143 intratae
863 1117 883 1138 a
911 1106 1054 1139 Domitio
1084 1112 1116 1140 et

450 1152 548 1184 Fabio
573 1153 606 1192 ii,
633 1155 676 1184 39
713 1162 732 1183 a
748 1152 870 1184 Caesare
899 1151 940 1181 ad
960 1151 1116 1192 ignaviam

450 1206 551 1238 usque
565 1195 705 1226 infractae
728 1199 762 1226 et
776 1194 985 1235 stipendiariae
1000 1194 1032 1224 in
1048 1205 1117 1236 per-

451 1243 584 1281 petuum
599 1239 701 1276 sactae,
715 1237 792 1269 ibid.
823 1238 857 1268 in
869 1237 1117 1279 quinquennium

452 1282 571 1314 Caesari
586 1282 720 1313 decretae
747 1281 782 1318 ii,
793 1283 838 1313 44
869 1280 970 1311 eidem
987 1280 1019 1310 in
1034 1281 1118 1311 idem

452 1325 600 1367 temporis
630 1325 765 1367 spatium
802 1328 975 1366 prorogatae
1012 1323 1046 1361 ii,
1074 1327 1118 1357 46

453 1368 567 1400 Galliae
594 1368 634 1399 ab
654 1367 801 1410 Augusto
823 1367 953 1397 visitatae
977 1367 1011 1404 ii,
1026 1369 1069 1399 97
1101 1377 1119 1397 a

453 1411 580 1443 Tiberio
595 1411 724 1442 firmatae
738 1410 772 1447 ii,
790 1412 852 1442 120
875 1420 980 1441 earum
1007 1410 1119 1441 seditio

454 1455 494 1486 ab
508 1455 622 1487 eodem
636 1453 809 1495 composita
822 1453 854 1489 ii,
872 1455 946 1487 121.
972 1455 1034 1484 129

412 1497 529 1531 Gallici
544 1497 693 1539 triumphi
717 1496 738 1528 J
740 1515 751 1527 ι
775 1495 905 1527 Caesaris
921 1500 1087 1537 apparatus
1103 1506 1121 1526 e

457 1541 535 1572 citro
551 1540 586 1578 ii,
602 1543 646 1572 56

414 1584 578 1616 Gallorum
603 1593 622 1613 a
645 1581 710 1614 Jul.
732 1582 854 1614 Caesare
878 1585 911 1613 et
926 1591 1074 1612 caesorum
1090 1586 1122 1612 et

415 1632 623 1712 Gacffggtlcgli}
633 1634 786 1700 xliiinaeiiiiib
796 1627 943 1699 libilione
958 1667 1077 1698 doluita
1090 1668 1123 1705 ii,

418 1757 568 1794 Gentius,
597 1755 778 1799 Illyriorum
807 1765 872 1793 rex,
899 1755 933 1786 in
968 1754 1124 1796 triumpho

460 1802 573 1832 ductus
587 1800 611 1836 i,
620 1802 642 1831 9
930 1818 932 1820 -

418 1843 569 1876 Germani
595 1842 645 1873 M.
673 1842 809 1873 Lollium
833 1840 923 1872 clade
938 1839 1078 1872 afficIunt
1091 1839 1125 1877 ii,

461 1890 504 1920 97
540 1885 693 1917 rebellant
706 1885 741 1922 ii,
757 1887 820 1916 100
854 1894 959 1915 eorum
971 1883 1076 1914 feritas
1091 1883 1126 1920 ii,

463 1932 538 1964 106.
562 1931 637 1961 117.
662 1931 725 1959 119
759 1937 865 1958 eorum
891 1926 1026 1967 navigia,
1047 1926 1127 1957 alvei

462 1971 566 2005 cavati
589 1972 623 2010 ii,
640 1973 703 2002 107
735 1970 853 2007 Varum
874 1969 965 2000 clade
989 1969 1128 2000 afficiunt

462 2016 498 2053 ii,
515 2017 578 2047 117
602 2025 621 2045 a
634 2013 720 2045 Varo
735 2012 897 2050 contemti,
912 2012 988 2043 ibid.
1012 2013 1128 2043 versuti

462 2058 594 2090 insidias
609 2057 694 2088 Varo
710 2061 833 2087 struunt
843 2056 876 2093 ii,
889 2058 952 2087 118
974 2054 1051 2086 Vari
1061 2066 1127 2087 cor-

464 2111 524 2144 pus
539 2100 720 2132 semiustum
735 2099 873 2131 lacerant
885 2099 918 2136 ii,
935 2101 999 2130 119

422 2144 572 2176 Germani
585 2142 748 2185 cujusdam
758 2141 871 2174 nobilis
884 2141 1006 2173 visendi
1014 2140 1130 2172 'riberii

466 2187 583 2230 cupido
598 2187 632 2224 ii,
649 2189 712 2218 107

423 2229 604 2268 Germanici
618 2230 722 2269 virtus*
733 2229 766 2259 in
780 2228 864 2260 bello
878 2226 1057 2259 Delmatico
1069 2225 1129 2269 (U.

465 2285 495 2306 c.
508 2272 592 2315 760)
614 2273 648 2310 ii,
665 2275 729 2304 116
761 2270 795 2302 in
810 2270 1010 2302 Germaniam
1034 2269 1131 2300 mitti-

467 2322 518 2348 tur
531 2316 567 2354 ii,
583 2319 645 2348 123
678 2314 864 2346 seditionem
878 2314 1036 2355 legionum
1052 2312 1131 2343 Ger-

466 2359 657 2395 manicarum
682 2357 808 2389 coiircet
833 2357 867 2394 ii,
884 2359 946 2389 125
994 2355 1131 2386 imbutus

467 2401 652 2440 rudimentis
681 2401 799 2432 militiae
829 2400 886 2432 sub
917 2397 1042 2430 Tiberio
1068 2398 1131 2440 (sc.

467 2445 503 2477 in
531 2442 708 2486 Delmatia)
748 2444 782 2481 ii,
809 2445 873 2475 129
908 2441 967 2484 (cf.
991 2441 1025 2478 ii,
1052 2440 1132 2483 116)

470 2487 646 2522 Germaniae
668 2486 802 2522 domitor
826 2485 981 2526 triumpho
999 2485 1132 2518 honora-

468 2536 532 2570 tus,
547 2531 624 2563 ibid.
660 2530 693 2561 in
719 2528 935 2561 transmarinas
959 2527 1134 2570 provincias

471 2575 616 2611 mittitur,
630 2573 707 2604 ibid.
730 2571 791 2615 (U.
804 2582 833 2603 c.
847 2570 931 2613 770)
962 2570 964 2573 ’

428 2618 614 2655 Germanus,
638 2625 742 2648 servus
765 2613 910 2657 publicus
935 2613 1135 2645 Minturnen-

383 2663 387 2666 ’
472 2662 565 2700 sium,
592 2661 633 2692 ad
659 2659 799 2691 Marium
821 2657 1000 2690 necandum
1013 2656 1135 2693 missus,

473 2705 581 2747 agnito
595 2714 646 2741 ec,
662 2713 680 2734 e
695 2712 817 2734 carcere
829 2700 970 2748 profugit
983 2700 1018 2738 ii,
1036 2702 1078 2732 19

432 2748 584 2780 Geticum
592 2746 708 2779 bellum
722 2756 742 2776 a
752 2745 874 2781 Caesare
912 2745 1031 2775 aratum
1042 2742 1085 2781 ii,
1093 2745 1137 2774 59

474 2788 586 2834 (Geta
611 2800 631 2822 a
645 2785 867 2832 septentrione
971 2786 1009 2820 ie
1023 2790 1056 2818 et
1068 2785 1135 2817 Da-

966 232 1129 265 INDEX
1162 232 1342 266 RERUM

1197 333 1286 407 {spii
1299 333 1474 366 habitantes
1486 333 1669 366 infestarant
1692 339 1758 366 tum
1780 334 1858 368 fines

1232 388 1294 409 om.

1156 419 1263 452 Gladii
1289 377 1419 462 grimum
1442 420 1475 450 in
1499 420 1618 452 civibus
1642 420 1755 452 tentati
1780 420 1816 459 ii,
1839 424 1860 454 3

1199 463 1230 493 in
1258 463 1389 495 comitiis
1408 463 1443 500 ii,
1460 466 1510 496 12.
1535 466 1578 496 47
1613 473 1632 494 a
1652 462 1803 496 Marianis
1827 464 1863 506 ii,

1157 548 1375 581 Gladiatorum
1390 559 1499 580 manus
1511 560 1529 580 e
1543 548 1619 580 ludo
1635 549 1766 593 Capua,
1782 549 1864 581 duce

1200 592 1361 634 Spartaco,
1377 597 1574 633 erumpentes
1589 592 1622 630 ii,
1638 595 1680 625 30
1718 593 1758 624 ab
1770 593 1866 624 inter-

1201 635 1370 666 fectoribus
1386 635 1516 667 Caesaris
1530 634 1671 667 collectae
1685 635 1720 673 ii,
1735 638 1779 668 58

1160 677 1371 709 Gladiatorius
1384 679 1475 710 ludus
1491 677 1608 720 Capuae
1620 678 1654 716 ii,
1667 681 1710 711 30
1722 678 1782 722 (cf.
1793 677 1866 711 Iud.

1204 720 1292 763 Lat.)
1313 721 1530 764 gladiatorium
1554 731 1667 753 munus
1689 721 1819 757 Caesaris
1833 722 1867 753 in

1204 764 1360 806 triumpho
1376 765 1409 803 ii,
1424 768 1467 797 66
1493 763 1626 806 Augusti
1637 764 1671 802 ii,
1683 755 1748 797 100

1162 805 1307 845 Glaucia,
1324 808 1387 838 vid.
1403 807 1548 839 Servilius

1163 849 1321 881 Glaucum
1347 851 1473 882 saltavit
1498 850 1634 882 Plancus
1662 849 1697 892 ii,
1723 852 1765 883 83
1802 850 1868 882 vid.

1207 893 1326 929 Saltare

1164 934 1336 974 Gracchus,
1348 936 1409 974 Ti„
1422 936 1492 967 trib.
1507 935 1606 977 pleb„
1616 935 1686 978 ejus
1698 946 1807 978 genus,
1819 936 1869 968 in-

1207 979 1345 1021 genium,
1375 984 1407 1011 et
1433 989 1532 1010 mores
1561 979 1595 1016 ii,
1616 983 1637 1011 2
1674 984 1810 1022 quaestor
1837 984 1871 1011 et

1208 1033 1339 1064 sponsor
1364 1023 1488 1054 foederis
1510 1022 1666 1060 Mancini,
1691 1023 1768 1054 ibid.
1800 1022 1870 1065 ejus

1208 1067 1348 1098 actiones
1364 1065 1549 1103 tribunicias,
1573 1065 1649 1096 ibid.
1682 1076 1700 1097 a
1715 1066 1754 1097 P.
1769 1066 1872 1108 Scipi-

1209 1120 1270 1140 one
1285 1109 1403 1140 Nasica
1417 1119 1582 1150 oppressus
1595 1109 1630 1146 ii,
1645 1111 1665 1140 3

1167 1150 1312 1190 Gracchi,
1340 1152 1378 1184 C.
1402 1152 1513 1191 fratris,
1539 1152 1700 1194 ingenium
1727 1157 1760 1184 et
1773 1162 1873 1184 mores

1208 1196 1242 1233 ii,
1258 1199 1280 1228 6
1313 1194 1383 1238 ejus
1397 1195 1535 1230 actiones
1560 1200 1594 1226 et
1607 1195 1703 1237 leges,
1718 1195 1795 1227 ibid.
1831 1196 1873 1227 de

1210 1239 1307 1280 regali
1344 1238 1486 1280 potentia
1517 1238 1664 1270 affectata
1699 1243 1873 1280 suspectus,

1209 1282 1286 1313 ibid.
1323 1292 1343 1313 a
1368 1282 1405 1312 L.
1436 1281 1564 1323 Opimio
1591 1292 1767 1323 oppressus,
1795 1282 1874 1314 ibid.

1211 1325 1334 1366 fugiens
1348 1335 1386 1356 ex
1401 1326 1467 1356 acie
1479 1325 1607 1367 Euporo
1619 1335 1707 1356 servo
1723 1325 1875 1357 cervicem

1212 1369 1342 1410 praebet,
1354 1368 1431 1398 ibid.
1465 1369 1626 1410 utriusque
1649 1367 1784 1404 Gracchi
1807 1379 1874 1400 cor-

1212 1421 1271 1453 pus
1294 1412 1327 1442 in
1351 1411 1485 1442 Tiberim
1509 1410 1678 1452 dejectum,
1694 1411 1770 1443 ibid.
1805 1411 1876 1453 ejus

1213 1454 1298 1496 leges
1313 1455 1353 1485 de
1378 1453 1509 1484 coloniis
1530 1459 1616 1489 extra
1629 1453 1754 1489 Italiam
1774 1454 1875 1486 dedu-

1213 1498 1321 1528 cendis
1337 1497 1519 1538 dijudicatae
1534 1497 1567 1533 ii,
1585 1500 1625 1531 1⁵

1171 1541 1306 1573 Gracchi
1329 1540 1435 1570 fratres
1462 1540 1543 1574 male
1568 1540 1702 1581 ingeniis
1725 1540 1785 1577 nsi,
1800 1539 1876 1572 alias

1213 1584 1304 1615 facile
1320 1582 1478 1624 principes
1494 1583 1527 1613 in
1539 1582 1665 1614 civitate
1680 1583 1713 1620 ii,
1729 1585 1749 1615 7
1787 1582 1878 1626 (coll.

1163 1629 1167 1634 '
1215 1627 1248 1666 ii,
1263 1625 1302 1668 6)
1326 1631 1460 1656 oratores
1478 1625 1500 1662 i,
1517 1629 1557 1658 17
1561 1647 1569 1656 .
1591 1626 1625 1662 il,
1640 1629 1662 1658 9
1684 1626 1774 1668 (coll.
1789 1626 1822 1664 ii,
1838 1626 1877 1668 6)

1173 1670 1329 1702 Gradivus
1351 1669 1449 1706 Mars,
1466 1673 1574 1701 auctor
1587 1668 1682 1704 Rom.
1695 1669 1830 1701 nominis
1843 1670 1878 1708 ii,

1174 1756 1298 1789 Graecia
1313 1766 1464 1787 concussa
1479 1756 1613 1786 motibus
1629 1766 1683 1798 per
1697 1755 1879 1787 Heraclidas

1217 1801 1240 1837 i,
1258 1803 1277 1831 3
1301 1799 1479 1830 Graecarum
1500 1798 1654 1830 literarum
1669 1803 1703 1830 et
1722 1799 1833 1830 artium
1844 1798 1879 1830 in

1218 1842 1347 1884 singulis
1377 1842 1541 1884 generibus
1567 1841 1716 1883 perfectio
1745 1846 1879 1883 angusto

1218 1886 1365 1927 temporis
1381 1885 1481 1926 spatio
1493 1885 1613 1924 inclusa
1628 1885 1650 1924 i,
1667 1888 1708 1916 16

1176 1928 1377 1961 Grammatici
1407 1929 1578 1959 eminentes
1603 1927 1772 1960 arctissimo
1801 1931 1880 1959 tem-

1219 1972 1302 2014 poris
1317 1972 1417 2012 spatio
1433 1971 1456 2008 i,
1474 1974 1513 2003 17

1177 2015 1331 2053 Granicus
1341 2014 1465 2051 fluvius,
1481 2014 1522 2045 ad
1537 2024 1630 2056 quem
1651 2013 1772 2055 equites
1785 2012 1882 2045 Alex-

1219 2058 1307 2090 andri
1321 2057 1502 2094 ceciderunt
1511 2057 1534 2094 i,
1549 2057 1591 2089 '11

1177 2101 1327 2134 Gravisca
1353 2101 1405 2144 (in
1430 2098 1583 2142 Etruria),
1598 2099 1723 2131 colonia
1745 2100 1883 2132 deducta

1221 2146 1244 2183 i,
1261 2147 1301 2177 15

1511 2295 1555 2326 H.

1180 2396 1340 2428 Hannibal
1363 2399 1464 2428 castra
1487 2395 1570 2426 intra
1592 2395 1718 2426 tertium
1739 2405 1760 2426 a
1782 2394 1887 2428 Roma

1225 2440 1359 2481 lapidem
1383 2437 1493 2469 habuit
1515 2438 1549 2476 ii,
1564 2441 1605 2471 27
1643 2437 1711 2480 ejus
1731 2438 1839 2470 odium
1852 2439 1886 2470 in

1225 2482 1386 2514 Romanos
1402 2482 1436 2518 ii,
1453 2484 1495 2513 18

1182 2526 1346 2568 Haruspex
1360 2525 1492 2562 Tuscus,
1513 2523 1616 2555 Fulvii
1639 2523 1744 2556 Flacci
1758 2524 1887 2562 amicus,

1226 2569 1310 2606 huic,
1334 2568 1415 2599 illiso
1436 2567 1538 2609 capite
1564 2567 1598 2598 in
1612 2567 1741 2599 carceris
1754 2572 1887 2609 postem,

1227 2623 1260 2644 se
1271 2611 1406 2647 necandi
1419 2610 1596 2652 exemplum
1609 2611 1728 2653 prebet
1740 2609 1774 2647 ii,
1789 2613 1809 2642 7
1832 2611 1888 2641 ha-

1226 2655 1364 2697 ruspices
1393 2653 1548 2686 Caesarem
1577 2654 1618 2686 de
1645 2663 1724 2685 nece
1751 2653 1888 2684 instante

1227 2702 1357 2730 monent
1369 2697 1404 2734 ii,
1416 2699 1459 2729 57
1731 2710 1734 2714 ·

1185 2742 1312 2776 Hedera
1333 2744 1497 2773 coronatus
1517 2739 1568 2771 M.
1581 2738 1738 2772 Antonius
1752 2738 1786 2771 in
1806 2738 1889 2771 Buc-

1229 2785 1281 2818 chi
1293 2783 1499 2818 imitationem
1508 2782 1543 2821 ii,
1558 2785 1601 2816 82
