2008 3210
361 259 449 303 418

379 365 382 368 ’
406 366 524 399 Δια-οὺ
546 363 669 408 vinxit]
705 365 845 398 Curtius
871 365 916 398 de
941 365 1076 406 Dan-103

358 421 372 438 ⁰
389 418 524 459 Agmen
556 426 673 450 eorum
702 418 808 450 tertio
829 419 979 450 assecuti
1006 418 1076 459 die,

361 474 535 502 notamen
551 469 657 510 honos
680 469 754 510 regi
782 479 849 501 non
877 469 1077 511 haberetur,

362 519 474 551 aureis
498 519 722 560 compedibus
747 520 891 551 Darium
908 521 1076 559 vinciunt,

360 580 452 602 nova
485 568 633 602 ludibria
670 570 815 603 subinde
853 571 1076 614 excogitante

360 620 526 654 fortuna!
570 621 682 652 Moris
700 621 891 664 antiquitus
916 631 979 663 pro
1003 621 1076 663 dig-

361 672 470 704 nitate
498 671 674 713 captivum
707 681 799 704 nunc
830 672 954 713 aureis,
984 682 1075 705 nunc

361 725 548 765 argenteis,
573 732 663 755 nunc
687 721 811 755 ferreis
835 723 963 755 vincire
982 729 1075 755 cate-

360 776 423 807 nis.
469 775 525 806 Dc
551 773 678 806 Aureis
704 773 864 806 Clemens
889 773 923 805 in
953 773 1074 805 Paeda-

361 835 452 868 gogo
478 824 537 857 lib.
563 834 603 857 11.
627 826 636 842 ‘
654 824 738 856 Istae
762 833 843 856 vero
861 833 974 855 veram
1003 826 1074 865 pul-

361 876 596 909 chritudinem
633 875 834 917 obscurant,
876 885 960 907 auro
997 884 1074 907 eam

360 926 621 966 adumbrantes,
652 935 716 958 uec
743 925 944 966 intelligunt
968 935 1074 968 quan·

360 982 435 1011 tum
452 978 486 1010 in
503 987 540 1010 se
556 977 726 1009 delictum
742 977 941 1018 admittunt,
962 986 999 1008 se
1022 977 1073 1008 in—

356 1028 629 1061 numerabilibus
678 1028 825 1060 vinculis
876 1029 1073 1071 alligantes,

360 1079 648 1124 quemadmodum
661 1078 780 1111 dicant
793 1079 885 1121 apud
899 1079 1072 1112 Barbaros

358 1132 525 1165 scelestos
554 1136 591 1164 et
615 1131 787 1164 maleficos
812 1132 967 1165 homines
990 1143 1073 1166 auro

358 1182 495 1216 vinciri.
539 1182 705 1225 Captivos
718 1183 779 1215 hos
799 1183 1001 1225 vinctosque
1023 1184 1074 1216 di-

358 1235 449 1268 vites
465 1234 628 1267 videntur
654 1244 729 1266 esse
756 1235 928 1267 aemulatae
954 1235 1073 1268 mulie-

358 1284 436 1318 res?
482 1281 655 1318 Ausonius
672 1284 717 1317 de
733 1285 865 1328 Croeso,
888 1285 899 1304 ‘
917 1287 1074 1318 Croesum

357 1337 393 1369 in
409 1336 526 1370 amicis
548 1337 663 1378 habet,
687 1336 923 1381 vinctumque
940 1339 1073 1381 pedicis

358 1389 484 1430 aureis,
506 1400 624 1423 secum
640 1390 756 1432 jubet,
771 1390 957 1433 Reliquum
981 1391 1072 1434 quod

356 1444 452 1475 esset
467 1440 563 1482 vitae,
579 1445 690 1474 totum
707 1441 876 1484 degeret!
909 1441 1073 1484 Propert.

356 1491 418 1525 lib.
443 1501 486 1525 ιι.
512 1492 523 1510 ‘
537 1491 611 1525 Aut
630 1501 750 1535 regum
776 1491 906 1525 auratis
929 1493 1072 1525 circum-

357 1540 443 1576 data
463 1543 553 1575 colla
567 1542 711 1583 catenis,
729 1540 900 1584 Actiaque
915 1543 949 1574 in
972 1552 1074 1575 sacra

357 1602 501 1626 currere
517 1597 630 1626 rostra
641 1593 717 1626 via?
760 1594 808 1626 Et
825 1593 925 1626 Silius
939 1593 965 1626 1.
980 1602 1074 1627 xvu.

354 1644 366 1662 ⁴
383 1643 479 1677 Ante
495 1645 635 1687 Syphax
661 1643 792 1677 feretro
819 1645 974 1677 residens
991 1655 1071 1687 cap·

357 1694 430 1727 tiva
443 1694 624 1736 premebat
637 1695 794 1736 Lumina,
808 1699 845 1727 et
858 1700 987 1728 auratae
1002 1706 1071 1728 ser-

355 1745 488 1778 vabant
513 1746 602 1778 colla
622 1749 779 1778 catenae!
823 1747 917 1779 Hinc
940 1747 979 1781 in
1003 1747 1071 1779 Pa-

355 1805 454 1838 negr.
493 1796 708 1829 Maximiano
738 1797 858 1830 dicto:
893 1798 903 1816 ‘
932 1797 1070 1830 Xerxes

357 1847 544 1880 Persarum
558 1848 635 1880 Rex
645 1849 917 1891 potentissimus,
929 1849 1070 1891 pedicas

357 1898 451 1940 jecit
480 1908 603 1931 aureas
631 1899 666 1931 in
689 1898 910 1942 profundum,
934 1901 1069 1943 Neptu-

354 1961 437 1984 num
449 1961 488 1984 se
501 1951 665 1984 dictitans
681 1952 845 1994 alligare.’
876 1954 935 1985 De
948 1963 1069 1995 argen-

353 2003 424 2036 teis
433 2002 506 2037 Dio
519 2004 542 2036 l.
559 2012 660 2036 xux.
679 2004 689 2022 ‘
707 2008 889 2048 postquam
906 2005 1069 2037 custodes

355 2062 449 2096 gazaz
464 2064 533 2087 non
559 2055 859 2097 obtemperarunt,
888 2060 924 2088 et
951 2056 1008 2098 qui
1033 2056 1068 2088 in

353 2106 458 2150 aruns
475 2109 588 2148 erant,
601 2105 765 2139 Artaxam
783 2106 967 2139 maximum
984 2111 1070 2139 natu

332 2149 449 2191 -iuter
470 2156 569 2199 filios,
594 2167 712 2199 regem
740 2157 814 2200 ejus
837 2159 916 2191 loco
944 2159 1068 2191 consti-

353 2212 508 2250 tuerunt,
521 2209 695 2250 argenteis
710 2208 921 2242 Artabazum
936 2210 1068 2243 catenis

353 2260 482 2301 vinxit,
498 2260 578 2305 quia
592 2260 753 2293 nimirum
777 2266 879 2303 turpe
901 2265 990 2303 erat,
1015 2271 1067 2293 re-

351 2310 433 2352 g'em
449 2308 571 2343 ferreis
586 2310 621 2343 in
637 2311 770 2343 catenis
795 2310 941 2344 haberi-⁵
987 2310 1068 2344 Am-

349 2361 485 2394 mianus
505 2361 550 2393 de
575 2361 721 2402 Arsace,
746 2372 765 2394 a
787 2362 918 2404 Sapore
940 2367 1065 2404 capto:

351 2413 362 2431 ⁸
381 2412 539 2455 Eumque
567 2411 699 2445 effossis
723 2414 832 2446 oculis
858 2413 992 2446 catenis
1016 2423 1067 2445 ar-

351 2462 502 2505 genteis,
518 2462 612 2505 quod
635 2462 729 2505 apud
756 2473 813 2495 eos
837 2473 959 2496 vanum
987 2473 1067 2506 snp-

350 2513 533 2557 pliciorum
570 2513 761 2546 aestimatur
788 2524 864 2546 esse
894 2514 1067 2556 solatium,

351 2564 599 2596 exterminavit
641 2564 683 2596 ad
715 2564 896 2596 castellum
927 2564 1066 2608 Agaba-

351 2624 434 2647 num
447 2614 612 2647 nomine!
634 2614 819 2653 Schegleiua.

396 2666 526 2707 Bellum
536 2665 655 2708 patria·
668 2665 788 2705 inferre
802 2665 1048 2708 constituit]0

351 2714 465 2748 vidius
482 2716 713 2759 Metamorph.
731 2717 789 2750 lib.
801 2726 861 2750 xv.
882 2719 893 2736 ‘
907 2717 1066 2750 Romani-

350 2775 420 2808 que
440 2766 541 2799 ducis
556 2769 684 2810 conjux
700 2767 864 2810 AEgyptia
875 2768 966 2801 tedae.
981 2769 1064 2802 Non

348 2815 441 2849 bene
464 2816 526 2850 fisa
549 2817 664 2860 cadet,
693 2817 894 2861 frustraque
917 2819 984 2851 erit
1004 2819 1063 2851 illa

351 2867 482 2901 minata
491 2869 672 2903 servitura
682 2880 742 2903 suo
755 2870 933 2912 Capitolia
943 2875 1064 2903 nostra

669 266 816 302 NOTAE
847 268 1118 301 V'AmoRUM
1153 269 1206 302 m
1239 269 1529 305 muraneum

1126 365 1290 408 canopo!
1335 367 1390 400 De
1402 377 1519 401 amore
1534 362 1677 401 Antonii
1688 367 1723 401 Iu
1737 368 1838 403 Cleo-

1127 423 1262 458 patram
1279 417 1404 451 Horat.
1421 417 1478 450 ub.
1497 418 1656 457 Epoden.
1680 420 1781 453 Idm

1170 467 1318 500 Liberum
1340 468 1478 510 patrem]
1513 469 1582 501 Sed
1606 471 1714 502 etiam
1730 470 1838 504 Attie-

1126 518 1189 551 nis.
1214 518 1402 551 Athena-us
1414 530 1433 549 e
1445 525 1569 561 quarto
1582 522 1733 554 Socratis
1745 522 1838 556 nuo-

1126 568 1188 601 dii.
1230 570 1365 602 Seneca
1380 571 1567 603 suasoriar.
1590 581 1614 604 1.
1641 572 1838 606 Dissensio-

1127 628 1205 651 nem
1224 619 1367 652 Sonecoe
1384 626 1421 652 et
1445 621 1567 654 Dionis
1591 622 1626 654 in
1641 623 1723 655 dote
1740 628 1839 657 nota-

1127 675 1206 702 runt
1217 670 1341 703 Junius
1357 670 1516 705 Animad.
1533 681 1567 705 v.
1580 676 1612 705 l.
1633 678 1670 706 et
1687 674 1836 717 Lipsius.

1126 720 1281 753 Eandem
1311 721 1478 755 insaniam
1499 723 1714 758 insanierunt
1736 725 1836 759 Anti-

1126 781 1233 814 gonus
1249 777 1285 805 et
1301 774 1470 815 Caligula.
1497 773 1684 808 Athenaens
1695 785 1748 810 ιν.
1763 776 1836 810 He-

1126 822 1256 854 rodian.
1282 823 1351 855 alii.
1378 825 1477 857 Idem.
1535 825 1686 860 Liberum
1697 828 1836 870 patrem]

1125 873 1227 905 Unde
1247 878 1284 906 et
1308 874 1459 908 Διόνυσος
1482 874 1551 909 νέος
1574 879 1836 919 cognominatus

1124 929 1190 965 est,
1220 930 1310 958 teste
1339 927 1539 961 Plutarcho.
1589 929 1660 961 Alii
1689 931 1836 964 afiorum

1118 974 1279 1007 Deorum
1291 977 1441 1010 aemutati
1456 982 1536 1011 sunt
1549 978 1703 1012 habitum
1720 981 1758 1013 et
1768 990 1836 1014 οω-

1124 1025 1322 1067 rimoniam3
1348 1028 1524 1061 Bacchum
1542 1034 1658 1063 autem
1678 1031 1835 1074 pluribus

1125 1077 1255 1109 imitari
1273 1079 1414 1120 placuit,
1425 1081 1614 1121 praesertim
1624 1082 1837 1126 Mithridati,

1124 1127 1312 1171 Antigono,
1342 1130 1380 1163 C.
1408 1131 1534 1174 Mario,
1558 1131 1760 1167 Alexandro
1780 1134 1834 1168 M.

1123 1180 1214 1212 Vide
1230 1180 1366 1214 Schotti
1382 1182 1556 1216 observat.
1572 1184 1652 1217 hist.
1669 1192 1726 1218 m.
1739 1186 1775 1218 8.
1795 1189 1835 1219 et

1124 1230 1176 1263 Cl.
1194 1231 1417 1266 Freinshemii
1431 1239 1506 1268 not.
1530 1235 1575 1268 ad
1589 1236 1689 1270 Curt.
1704 1245 1760 1270 rx.
1777 1240 1835 1271 1⁰.

1124 1283 1178 1314 24.
1201 1282 1344 1316 Boeczer.

1171 1333 1251 1365 Cum
1263 1335 1431 1368 redimitus
1444 1336 1582 1378 hederis]
1628 1337 1760 1371 Eodem
1773 1338 1834 1372 ba-

1123 1384 1199 1417 bitu
1216 1386 1415 1419 Messallina
1430 1387 1520 1430 apud
1534 1389 1694 1422 Tacitum
1709 1390 1776 1424 lib.
1786 1399 1834 1425 π.

1120 1435 1131 1452 ¹
1147 1435 1370 1470 Simulacrum
1415 1439 1591 1471 auctumni
1628 1440 1808 1475 celebraris
1819 1452 1831 1475 t

1122 1488 1198 1530 ipse
1228 1488 1325 1521 crine
1351 1487 1446 1522 fluxo
1472 1491 1629 1533 thyrsum
1659 1493 1832 1535 quatiens,

1117 1539 1289 1582 juxtaque
1312 1539 1414 1572 Silius
1438 1541 1568 1574 hedera
1595 1542 1745 1586 vinctus,
1763 1553 1833 1587 ge·

1122 1599 1200 1622 rere
1216 1590 1425 1623 cothurnos!
1470 1591 1579 1624 Plura
1600 1593 1636 1624 in
1651 1593 1833 1628 Commen-

1123 1642 1212 1674 tario
1227 1642 1378 1683 Lipsius.
1422 1641 1515 1674 Addi
1531 1643 1636 1675 velim
1657 1644 1702 1677 de
1720 1644 1831 1679 ''erini-

1124 1691 1187 1724 bus
1211 1691 1326 1732 fluxis,
1350 1697 1387 1725 et
1410 1693 1476 1725 hoc
1499 1693 1629 1727 Catulli
1650 1694 1831 1738 innuptiis

1122 1743 1241 1776 Pelei:
1255 1744 1265 1760 ‘
1281 1743 1384 1785 Saepe
1401 1753 1506 1786 vagus
1520 1745 1625 1777 Liber
1638 1745 1801 1780 Parnassi
1812 1756 1833 1781 e

1124 1794 1254 1827 vertice
1270 1804 1401 1826 summo
1413 1795 1572 1837 Thyadas
1586 1794 1706 1830 effusis
1725 1807 1832 1831 euan-

1121 1849 1176 1878 tes
1191 1845 1342 1878 crinibus
1354 1846 1447 1887 egit!
1479 1847 1526 1879 Et
1541 1847 1696 1882 Maerob.
1713 1848 1832 1882 Satur·

1119 1897 1189 1929 nal.
1206 1897 1265 1929 lib.
1279 1907 1303 1930 1.
1327 1897 1464 1938 Schegk.

1167 1948 1337 1991 myrsam]
1373 1949 1524 1991 Thyrsus
1539 1954 1615 1983 erat
1635 1950 1737 1984 hasta
1751 1961 1832 1985 aeu-

1120 2000 1216 2032 leata
1237 2000 1374 2032 hederis
1391 2004 1497 2042 tecta,
1516 2001 1550 2033 in
1574 2002 1679 2044 orgiis
1699 2002 1830 2072 Bacchi

1121 2050 1250 2092 gestari
1265 2050 1376 2083 solita.

1165 2101 1254 2134 CAP.
1271 2103 1326 2133 83.
1350 2102 1396 2133 Et
1409 2102 1567 2144 omnibus]
1580 2103 1732 2146 Vulgo,
1718 2114 1754 2137 ns
1766 2115 1832 2138 ons·

1119 2151 1224 2184 nibus.
1296 2153 1339 2184 Et
1353 2153 1508 2194 omnibus]
1539 2154 1663 2187 Nonne
1679 2156 1829 2198 aequiva-

1120 2204 1207 2243 lent‚
1220 2204 1255 2235 in
1268 2203 1372 2235 omnia
1384 2205 1532 2236 oaemlem
1546 2215 1624 2246 esse,
1646 2210 1702 2247 et,
1713 2207 1750 2239 ἐκ
1765 2217 1829 2240 m-

1119 2253 1210 2286 nibus
1219 2251 1236 2286 ,⁹
1249 2254 1326 2295 Ego
1340 2253 1525 2286 discrimen
1541 2264 1610 2287 non
1623 2256 1736 2289 video.
1758 2257 1830 2291 Pu-

1121 2309 1158 2337 to
1175 2305 1359 2338 delendum
1382 2306 1554 2347 posterius
1569 2305 1609 2338 τὸ
1627 2307 1674 2349 in,
1697 2306 1828 2341 faeten-
1869 2299 1876 2306 “

1119 2355 1282 2398 dumque,
1307 2355 1342 2387 in
1363 2357 1479 2397 omniu,
1505 2359 1538 2389 et
1551 2357 1704 2390 omnibus.
1748 2359 1828 2392 Duo

1119 2406 1252 2448 objicit,
1279 2408 1445 2439 vaenalem
1461 2407 1505 2439 ad
1521 2417 1622 2440 omne
1635 2407 1773 2443 facinus
1785 2419 1827 2443 ac

1114 2455 1285 2498 ‘flagitium
1314 2456 1431 2498 fuisse,
1460 2463 1498 2490 et
1526 2459 1601 2491 sine
1628 2459 1827 2493 discrimine

1120 2509 1276 2542 omnibus
1290 2510 1456 2542 vaenalem
1472 2510 1648 2544 breviter:
1675 2510 1719 2544 ad
1729 2514 1824 2555 qub-

1118 2561 1170 2592 vis
1187 2571 1207 2592 a
1224 2561 1341 2626 quovis
1355 2560 1448 2593 trahi
1463 2570 1547 2593 auro
1558 2562 1723 2604 potuisse.
1748 2560 1828 2605 zip-

1113 2613 1201 2643 sius.-

1163 2663 1362 2696 Gaeraleatus
1381 2667 1414 2696 et
1432 2665 1545 2705 nuda,
1568 2665 1638 2706 ξι]
1666 2659 1726 2698 Du*
1731 2662 1826 2700 effi

1117 2714 1244 2747 Marini
1280 2715 1469 2758 antiquitus
1504 2717 1651 2749 caemleo
1677 2717 1824 2752 babitu.

1114 2763 1283 2807 Apuleius
1299 2766 1418 2798 Miles.
1433 2765 1478 2798 de
1496 2766 1661 2799 comitatu
1675 2767 1823 2802 Veneris

1111 2824 1166 2847 ιν.
1188 2816 1199 2834 ‘
1214 2815 1376 2857 Adsunt?
1400 2816 1461 2858 ait,
1485 2817 1497 2834 ‘
1511 2817 1620 2849 Nerei
1638 2816 1721 2851 filim
1741 2819 1824 2864 cho·

1113 2878 1186 2901 rum
1203 2872 1381 2911 canentes,
1405 2872 1442 2902 et
1464 2868 1672 2902 Portumuus
1687 2870 1823 2904 caerulis
