2008 3210
344 221 432 266 320

346 328 540 371 Abrogavit
577 328 795 370 postmodum
825 327 933 368 Sulla,
961 327 1061 360 resti-

345 380 414 413 tuit
442 379 628 420 Labienus,
654 380 726 413 Dio
755 379 815 413 lib.
846 388 966 412 xxvii.
1002 379 1062 411 De

345 429 493 472 collegio
520 430 644 463 Cicero
664 430 698 462 in
716 430 874 472 Epistola
890 429 934 462 ad
950 428 1062 472 Appi-

345 493 403 515 um
421 485 474 516 10.
497 483 507 500 ‘
523 481 737 524 Amplissimi
752 481 939 514 sacerdotii
957 481 1059 514 colle-

347 533 457 575 gium3
485 532 520 565 in
550 542 616 575 quo
642 542 711 565 non
740 531 843 565 modo
873 531 1059 566 amicitiam

345 585 468 617 violari
486 584 577 626 apud
594 585 744 626 majores
763 587 900 616 nostros
917 584 969 616 fas
991 593 1059 617 non

343 640 432 678 erat,
447 636 507 668 sed
523 645 567 667 ne
584 639 753 678 cooptare
778 636 918 678 quidem
946 645 1060 669 sacer·

345 687 464 720 dotem
479 687 619 728 licebat,
642 687 701 730 qui
720 687 880 730 cuiquam
896 697 939 719 ex
955 688 1060 720 colle-

345 739 402 781 gio
424 743 518 771 esset
543 737 728 771 inimicus.'
754 737 948 780 ‘Schegkium
994 739 1059 772 Po-

341 792 436 832 palus
450 789 587 832 crearet]
609 791 619 809 ‘
635 788 800 822 Pontifex
826 789 1007 830 maximus,
1022 793 1061 823 et

345 851 407 873 rex
419 840 646 883 sacrificulus,
667 845 703 873 et
721 839 876 873 flamines
889 851 909 873 a
930 841 1059 884 populo

344 890 476 934 creati,
496 891 654 934 pontifex
675 892 815 935 quidem
836 892 976 924 tributis
1003 902 1060 925 co-

343 944 463 986 mitiis,
487 954 549 976 rex
578 944 797 985 centuriatis,
818 942 975 976 flamines
1000 954 1060 976 cu-

343 995 454 1036 riatis,
476 999 551 1027 tum
577 1005 655 1028 cum
679 995 803 1038 reliqui
823 996 1023 1029 sacerdotes
1039 1006 1060 1028 a

343 1047 501 1089 collegiis
525 1049 795 1089 cooptarentur:
829 1057 913 1090 quos
939 1057 1057 1080 omnes

343 1102 466 1140 postea
491 1099 556 1131 Cn.
593 1099 764 1131 Domitius
784 1099 829 1131 ad
845 1099 986 1132 comitia
997 1109 1058 1142 po-

343 1150 417 1191 puli
454 1149 587 1182 tributa
621 1150 804 1182 transtulit
840 1159 930 1183 anno
961 1159 1060 1184 nem.

342 1201 457 1233 Mario
480 1205 517 1234 et
540 1201 670 1234 Oreste
692 1202 790 1235 Coss.
813 1212 916 1245 quam
942 1203 1058 1245 legem

342 1258 422 1295 post
437 1263 456 1285 a
472 1253 567 1296 Sylla
581 1253 765 1294 sublatam,
790 1257 827 1286 et
840 1254 965 1286 iterum
982 1264 1003 1286 a
1017 1254 1057 1287 Τ.

344 1301 497 1337 Labieno
521 1309 566 1338 tr.
589 1305 636 1347 pl.
673 1304 841 1337 Cicerone
866 1305 943 1338 Cos.
972 1306 1059 1338 rela-

343 1361 428 1398 tam,
456 1357 582 1389 iterum
605 1357 658 1389 M.
682 1355 854 1388 Antonius
876 1356 956 1389 Cos.
979 1361 1058 1399 post

342 1407 493 1440 Caesaris
507 1408 702 1440 Dictatoris
724 1417 846 1440 necem
862 1407 1058 1450 abrogavit.

342 1469 411 1501 qua
431 1459 628 1502 insequenti
645 1469 734 1491 anno
754 1468 822 1491 una
837 1468 914 1491 cum
930 1460 1057 1492 ceteris

341 1509 548 1542 Antonianis
577 1508 711 1551 legibus
734 1510 795 1543 Sc.
823 1510 970 1552 sublata,
1000 1521 1056 1544 res

340 1565 459 1592 rursus
475 1559 519 1592 ad
535 1561 655 1602 populi
670 1560 814 1593 comitia
827 1560 957 1594 rediit!
1000 1562 1057 1595 Li·

340 1611 418 1644 buit
433 1612 508 1645 haec
520 1622 563 1644 ex
580 1613 697 1654 Sigon.
714 1612 758 1644 de
774 1611 894 1655 Antiq.
907 1613 977 1655 jur.
990 1614 1056 1647 civ.

341 1662 443 1697 Rom.
459 1674 484 1698 1.
502 1668 554 1697 19.
570 1664 781 1697 adscribere.
809 1665 954 1698 Boecler.

343 1726 346 1730 ’
383 1715 492 1757 Aquas
522 1715 668 1757 Sextias]
711 1716 753 1748 In
787 1716 914 1750 Gallia.
941 1717 1056 1760 Vulgo

341 1765 422 1800 Aix.
462 1767 585 1809 Neque
616 1767 792 1800 incelebre
815 1768 880 1800 hac
907 1773 1057 1811 tempes-

340 1821 416 1850 tate
431 1818 597 1860 oppidum
614 1823 789 1860 censetur,
809 1819 1056 1863 conditumque

339 1869 419 1900 olim
443 1879 464 1901 a
487 1870 621 1910 Sextio,
652 1870 702 1902 ita
730 1870 861 1903 dictum
886 1871 930 1903 ob
948 1882 1055 1918 aquas

336 1924 378 1952 et
394 1920 635 1962 scaturigines,
650 1931 726 1964 quae
732 1921 837 1963 juxta
849 1929 928 1955 suut
940 1923 1055 1956 calen-

340 1977 407 2006 tes.

338 2035 344 2039 ·
382 2023 530 2065 Amplius
545 2032 598 2056 cr..
612 2024 753 2056 millibus
765 2025 914 2072 hostium]
956 2026 1055 2058 Bene

335 2079 461 2116 postero
472 2077 543 2107 die.-
558 2081 595 2107 et
610 2080 692 2107 tunc
705 2075 831 2108 iterum
847 2081 1055 2118 pugnatum.

338 2126 549 2159 Plutarchus
566 2127 693 2170 aliique
709 2137 879 2159 consensu
905 2128 1056 2161 tradide-

338 2183 432 2210 runt.
479 2178 604 2210 Orosio
628 2178 710 2220 quid
734 2178 841 2211 visum
858 2178 1056 2221 dissentire,

338 2228 388 2260 sic
418 2228 610 2261 scribenti?
647 2230 657 2246 ‘
675 2229 811 2262 Quarto
847 2229 905 2261 die
936 2239 1054 2262 rursus

338 2278 519 2320 productae
538 2280 710 2321 utrimque
724 2279 757 2311 in
773 2290 932 2322 campum
950 2281 1055 2321 acies,

337 2339 446 2372 usque
462 2330 504 2361 ad
521 2329 698 2362 meridiem
718 2340 818 2371 paeue
832 2330 908 2371 pari
924 2340 1055 2373 pugna-

338 2389 420 2412 vere
435 2380 656 2413 discrimine!
687 2381 766 2413 Non
783 2385 910 2423 potest,
925 2387 963 2414 ut
975 2382 1052 2415 haec

336 2441 394 2464 res
421 2431 502 2475 fuit,
532 2433 577 2465 de
608 2438 730 2475 quarto
760 2433 827 2466 die.
871 2433 1053 2466 Audacter

337 2484 497 2525 emendo,
523 2485 604 2517 Oreo
619 2485 681 2518 die.
708 2485 857 2526 Lipsius.

383 2536 506 2568 Nomen
518 2539 590 2568 erat·
602 2535 755 2576 Raudiis]
780 2536 902 2568 Florus
924 2536 934 2554 ‘
949 2536 1051 2569 Clau-

337 2584 464 2626 dium3’
504 2591 642 2619 veteres
673 2586 896 2619 eruditissimi
930 2586 1051 2620 Vineti

335 2637 557 2679 ‘Raudium‚'
582 2647 648 2670 nec
686 2647 846 2670 numerus
883 2647 1050 2675 cu’sorum

334 2689 509 2722 convenit.
533 2689 623 2722 Vide
634 2688 969 2734 Livium‚'0rosium,
982 2689 1049 2721 Eu-

337 2739 480 2782 sebium,
510 2741 660 2773 Florum.
694 2740 881 2781 Schegfflus.
925 2740 1050 2773 Victor

332 2791 347 2809 ‘⁴
365 2790 399 2822 in
417 2793 539 2833 campo
557 2791 715 2824 Caudio!

380 2841 592 2874 Decertavere
615 2842 742 2883 proelio]
771 2841 836 2874 Vir
851 2842 974 2875 doctus
991 2852 1049 2875 ex-

652 231 798 263 No‘rAE
831 230 1101 263 VARlORUM
1137 231 1187 263 ΙΝ
1222 232 1512 265 PATERCUM

1110 327 1287 361 intimabat
1301 328 1436 370 deesse,
1468 340 1539 362 eum
1563 328 1713 363 Cimbris.
1759 330 1824 375 Cui

1110 387 1178 411 nou
1194 379 1366 414 adsentio.
1409 381 1504 414 Vera
1518 381 1625 414 lectio
1643 381 1735 414 haud
1747 381 1827 423 alia,

1111 439 1153 462 ac
1167 431 1320 473 vulgata.
1366 431 1443 464 Nec
1459 430 1654 474 periculum
1677 431 1757 471 fuit,
1781 441 1826 465 ne

1111 481 1155 514 de
1169 483 1259 523 aliis,
1275 479 1376 526 quam
1394 483 1556 524 Cimbris,
1571 483 1647 517 haec
1661 493 1829 526 caperen-

1111 537 1179 565 tur.
1226 534 1317 567 Nam
1330 534 1486 567 Cimbros
1503 535 1626 578 solum,
1640 539 1677 568 et
1691 535 1826 569 Teuta·

1109 594 1184 626 nos,
1212 585 1352 619 sedibus
1376 587 1446 619 suis
1474 596 1642 628 egressos,
1670 586 1826 621 narravit

1110 636 1274 670 Velleius.
1328 638 1562 684 Teutonorum
1590 642 1706 671 autem
1739 647 1826 680 gens

1104 687 1180 729 jam
1205 688 1324 721 excisa
1346 692 1432 728 erat,
1455 693 1494 721 ut
1517 688 1634 730 paullo
1657 694 1738 722 ante
1753 699 1825 722 me-

1109 743 1292 772 moratum.
1348 739 1438 772 Satis
1468 739 1600 772 clarum
1625 739 1756 783 itaque,
1777 741 1824 773 ad

1111 789 1266 823 Cimbros
1278 790 1344 823 hoc
1358 789 1591 832 referendum,
1612 784 1748 824 etiamsi
1764 801 1825 824 no-

1109 849 1189 872 meu
1218 850 1337 874 eorum
1373 850 1442 873 non
1481 840 1706 884 exprimatur.
1747 840 1825 875 Vos-

1109 902 1188 926 stus.

1152 954 1185 978 c.
1202 954 1245 978 M.
1260 945 1435 988 hominum]
1458 947 1510 979 Ut
1524 946 1583 979 alii
1595 955 1742 979 summas
1756 955 1826 979 cae·

1109 1006 1226 1030 sorum
1241 1002 1466 1040 captorumve
1481 992 1695 1040 concipiunt,
1711 997 1824 1031 videa-

1110 1051 1169 1080 tur
1191 1048 1398 1090 geminanda
1419 1048 1624 1081 centenaria
1645 1047 1700 1080 hic
1714 1053 1822 1081 nota:

1109 1107 1163 1132 cc.
1177 1100 1348 1132 hominum.
1372 1099 1520 1142 Lipsius.

1151 1151 1201 1184 Ae
1225 1151 1304 1184 bona
1328 1152 1420 1184 milis
1446 1151 1640 1194 repensam]
1660 1151 1823 1185 Fortasse

1108 1200 1241 1234 facilius
1257 1202 1391 1244 legeres
1403 1213 1413 1235 x
1425 1203 1519 1240 *mala
1534 1202 1623 1235 bonis
1633 1205 1824 1245 reponsum,

1108 1253 1198 1286 sicut
1219 1253 1278 1287 alii
1294 1255 1499 1296 loquuntur3
1522 1263 1717 1296 quanquam
1732 1254 1823 1287 hunc

1108 1314 1246 1337 sensum
1261 1306 1368 1338 etiam
1388 1305 1517 1337 usitata
1531 1305 1637 1337 lectio
1652 1305 1823 1338 sustinere

1108 1361 1238 1399 potest.
1294 1358 1464 1399 Magnum
1495 1356 1626 1398 oppido
1663 1361 1700 1389 et
1733 1358 1823 1400 reip.

1108 1408 1324 1450 periclitanti
1347 1409 1498 1441 salutare
1515 1407 1713 1450 cumprimis
1737 1407 1823 1442 faci·

1106 1470 1194 1493 nus:
1222 1460 1282 1492 sed
1300 1469 1376 1502 quae
1397 1459 1524 1492 merita
1538 1452 1686 1502 possunt
1700 1465 1823 1493 eontra

1106 1503 1262 1544 ultimam
1285 1504 1435 1544 turbatae
1456 1511 1581 1554 patriae
1603 1511 1822 1554 impietatem

1106 1564 1297 1597 nominari?
1322 1565 1368 1596 Et
1391 1563 1534 1609 sirecte
1555 1572 1629 1595 rem
1650 1566 1824 1609 putamus,

1107 1615 1185 1658 plus
1211 1619 1264 1648 est
1289 1614 1382 1658 quod
1401 1615 1520 1647 nocuit
1535 1614 1659 1659 patriae
1674 1615 1824 1657 Marius,

1106 1676 1209 1710 quam
1225 1667 1317 1710 quod
1333 1665 1479 1710 profuit.
1501 1666 1647 1699 Boeaer.
1787 1707 1790 1710 Ι

1152 1718 1284 1759 Comi]
1322 1717 1504 1750 Acidalius
1534 1717 1621 1759 legit
1651 1717 1822 1750 conmori-

1106 1768 1174 1809 bus,
1199 1773 1368 1812 putatque
1393 1778 1438 1800 ex
1462 1766 1706 1800 decurtatione
1727 1770 1822 1802 vocis

1110 1820 1184 1852 Cos.
1213 1819 1431 1862 postmodum
1459 1819 1567 1852 consul
1594 1818 1821 1853 substitutum

1107 1881 1193 1904 esse.
1774 1885 1776 1887 >

1149 1924 1190 1956 In
1220 1923 1364 1956 Hostilia
1388 1922 1493 1965 curin]
1529 1922 1588 1955 De
1624 1923 1761 1964 Curiis,
1783 1926 1822 1957 et

1107 1974 1278 2017 quomodo
1304 1984 1368 2016 per
1387 1983 1534 2016 augures
1549 1974 1753 2007 constitutae
1767 1984 1823 2006 es-

1106 2035 1143 2057 se
1180 2025 1363 2066 deberent,
1389 2024 1470 2057 vide
1500 2025 1662 2057 Marum.
1687 2025 1746 2059 lib.
1776 2035 1820 2058 11.

1106 2086 1138 2110 c.
1167 2080 1220 2110 10.
1758 2099 1759 2102 =

1150 2130 1238 2162 CAP.
1253 2132 1306 2161 1³.
1337 2129 1387 2160 Μ.
1405 2128 1517 2161 Livius
1529 2127 1671 2170 Drusus]
1696 2128 1819 2160 Cicero

1105 2189 1168 2222 pro
1184 2181 1332 2220 Milone,
1345 2179 1553 2211 Plutarchus
1567 2179 1711 2212 Catone.
1739 2179 1820 2212 Non

1105 2229 1173 2263 fuit
1196 2231 1267 2271 ille,
1292 2235 1331 2263 ut
1347 2239 1460 2273 nuper
1485 2229 1623 2272 quidam
1647 2229 1690 2260 ad
1714 2229 1818 2262 Orat.

1104 2291 1169 2324 pro
1185 2282 1318 2314 Milone
1330 2281 1417 2314 falso
1429 2281 1577 2323 putavit,
1589 2281 1645 2323 qui
1657 2281 1694 2313 C.
1709 2279 1819 2312 Grac*

1104 2334 1158 2366 chi
1176 2333 1374 2375 pernitiosis
1399 2332 1580 2364 conatibus
1598 2331 1743 2371 restitit,
1759 2342 1818 2364 cu-

1096 2385 1155 2427 jus
1173 2384 1303 2416 mentio
1318 2383 1410 2426 apud
1435 2383 1672 2424 Plutarchum,
1695 2383 1818 2414 Sueto-

1103 2436 1210 2476 nium,
1223 2435 1436 2477 Appianum,
1451 2434 1656 2467 Ciceronem
1673 2434 1727 2466 De
1742 2433 1819 2466 fini-

1103 2486 1187 2526 bus;
1212 2486 1273 2518 sed
1299 2486 1374 2527 ejus
1387 2485 1488 2527 filins,
1503 2485 1546 2517 de
1562 2495 1628 2528 quo
1645 2486 1686 2518 C.
1702 2484 1817 2518 Carbo

1102 2536 1193 2578 apud
1232 2537 1436 2569 Ciceronem
1470 2537 1504 2568 in
1539 2536 1712 2569 Oratore:
1751 2537 1763 2554 ‘
1781 2535 1814 2567 0

1101 2588 1224 2620 Marce
1236 2587 1363 2619 Druse'
1379 2587 1550 2630 (loquitur
1563 2587 1606 2619 de
1620 2586 1737 2630 patre)
1753 2589 1766 2614 ἱ
1776 2591 1816 2620 tu

1100 2638 1218 2671 dicere
1242 2638 1390 2680 solebas,
1415 2648 1545 2671 sacram
1564 2647 1640 2671 esse
1655 2638 1816 2680 rempub*-

1100 2690 1296 2733 quicunque
1311 2699 1386 2722 eam
1403 2690 1581 2728 violasset,
1598 2688 1644 2722 ab
1656 2688 1814 2722 omnibus

1100 2742 1131 2773 ei
1148 2751 1224 2774 esse
1240 2751 1356 2784 poenas
1371 2741 1588 2784 persolutas:
1617 2741 1728 2782 patris
1742 2740 1813 2774 dic-

1100 2797 1172 2824 tum
1190 2792 1341 2834 sapiens,
1367 2791 1546 2824 temeritas
1572 2791 1633 2824 filii
1656 2801 1814 2834 compro·

1100 2842 1221 2876 bavit!
1263 2844 1322 2876 De
1347 2842 1547 2876 temeritate
1569 2842 1727 2875 Valerius
1751 2841 1811 2876 lib.

1983 435 2007 766 samm
1985 625 1991 633 ⁵
1984 586 1986 589 ·
1983 479 2005 506 ‘L-
1982 219 2005 438 Quaeve-fusa*

2003 811 2005 823 ..
1996 761 2007 801 ιιι
