2008 3210
297 258 386 304 294

298 365 434 399 cialium
453 365 663 400 adulatione.
711 366 759 399 At
787 367 814 399 si
841 367 884 398 dc
902 366 1017 398 alteri-

297 427 338 450 us
353 417 422 450 Dei
442 419 572 450 Deaeve
601 419 732 460 templo
756 418 862 450 verba
890 418 1015 449 intelli-

299 468 412 511 genda
447 475 539 509 suut,
563 480 625 502 cnr
657 470 690 502 id
720 480 786 501 nnn
825 468 1015 501 nominavit

297 521 443 552 auctor?
465 522 544 563 quia
562 521 646 552 satis
665 521 834 553 indicarat
850 528 1014 560 expresso

297 571 387 611 loco,
411 572 446 602 in
472 582 538 613 quo
563 573 729 613 templum
755 571 841 603 illud
865 571 1013 612 positum

298 626 390 662 erat,
405 623 485 654 dum
515 623 647 665 inquit:
671 624 724 655 ‘in
743 624 784 655 iis
800 624 883 664 ipsis
900 634 1014 657 monu-

297 673 423 705 mentis
452 674 615 705 molitus!
680 674 736 705 Sic
775 675 894 707 Livius
925 675 1014 707 libro

299 731 386 756 XLV.
403 734 479 764 cap.
499 726 550 756 16.
572 724 582 742 ‘
598 725 730 757 Eodem
748 736 837 758 anno
855 728 894 759 C.
914 727 1013 759 Cice·

298 775 389 807 reius
433 776 542 807 aedem
578 776 612 807 in
651 777 788 810 Albano
824 778 1014 819 dedicavit,

297 825 529 867 quinquennio
557 832 739 870 postquam
765 829 871 861 vovit.
897 829 1014 862 Grute-

296 886 363 908 rus.

342 928 443 968 Cuius
450 929 658 972 felicitatem]
685 931 887 973 Magnifice,
904 936 943 964 ut
960 942 1013 965 so-

298 979 358 1016 let,
382 986 450 1012 tam
479 982 650 1022 prolixum
678 982 829 1016 fortunoe
856 983 1013 1016 favorem

297 1031 438 1063 extollit
455 1031 533 1064 Val.
547 1033 644 1066 Max.
660 1043 726 1066 vn.
742 1037 774 1067 1.
800 1038 831 1069 2.
858 1041 894 1068 et
920 1036 1011 1069 Plin.

297 1088 365 1113 vn.
382 1084 437 1113 44.
474 1083 549 1115 Cic.
568 1083 612 1116 de
629 1082 688 1118 fin.
704 1094 738 1118 v.
754 1088 807 1118 78.
850 1086 895 1119 It.
909 1088 1012 1120 Tusc.

299 1141 323 1164 1.
339 1134 392 1165 35.
416 1133 598 1167 Bofclerus.

341 1185 541 1217 Excellentes
556 1186 747 1230 triumphos]
776 1188 912 1220 Pluries
928 1198 1012 1233 ergo

296 1236 462 1268 Metellus
490 1238 543 1268 luc
566 1239 818 1280 triumphavit?
853 1241 932 1273 Non
961 1242 1012 1273 in-

296 1289 420 1320 venio:
457 1290 525 1321 imo
541 1291 662 1331 semel,
683 1297 718 1322 et
745 1291 786 1323 de
803 1292 1012 1325 Macedonia

296 1345 443 1373 tantum.
490 1342 615 1384 Itaque
628 1342 788 1376 Valerius
804 1344 847 1375 de
860 1345 924 1377 hac
936 1346 1012 1387 ipsa

298 1391 371 1433 ojus
396 1391 579 1431 felicitate,
606 1394 627 1425 l.
645 1403 709 1426 vu.
734 1395 1023 1442 ‘Speciosissimi

297 1441 460 1483 triumphi
478 1448 686 1484 praetextam
704 1445 830 1487 largita
842 1446 918 1478 est!
966 1446 1011 1478 U-

296 1502 377 1524 num
395 1502 477 1525 ecce
495 1495 662 1535 agnoscit.
710 1496 866 1528 Rescribi
884 1497 984 1529 velim
999 1509 1008 1530 ε

294 1546 412 1583 proeter
425 1546 626 1576 eaecellentem
640 1546 845 1588 triumphum.
863 1547 1010 1589 Lipsius.

296 1594 497 1627 Excellentes
512 1595 700 1638 triumphos]
734 1598 870 1639 Lipsius
886 1609 929 1632 ex
945 1600 1010 1631 his-

295 1645 386 1677 toria
402 1648 592 1688 repositum
609 1649 788 1690 cupiebat,
812 1651 1011 1684 excellentem

293 1697 490 1740 triumphum
501 1711 512 1731 .-
548 1700 609 1732 sed
626 1706 722 1733 recte
738 1712 774 1734 se
790 1703 896 1736 habet
915 1705 1010 1746 judi-

291 1749 386 1782 ·cium
404 1750 572 1791 Gruter13
608 1752 665 1794 qui
683 1763 745 1795 pro
769 1755 933 1796 singulari
949 1766 1011 1788 nu-

294 1809 391 1833 mero
426 1802 596 1843 pluralem
623 1804 678 1836 liic
705 1807 867 1848 usurpari
891 1808 1010 1840 existi·

295 1854 379 1883 mat.
427 1852 594 1895 Loquitur
610 1855 701 1886 enim
718 1857 773 1889 hic
783 1858 939 1891 Velleius
956 1860 1009 1901 ἐγ-

293 1904 519 1943 κωμαστικῶς,
547 1914 658 1947 neque
675 1912 856 1940 enumerat
873 1913 1006 1942 tantum

293 1952 450 1986 membra
474 1955 694 1998 collectione,
719 1958 780 1990 sed
807 1960 1008 2000 granditate

292 2005 459 2036 sermonis
476 2006 641 2039 illustrat.
666 2008 846 2043 Boeclenae.
907 2035 909 2052 ‚

338 2055 420 2087 Cum
436 2056 590 2099 inimicis]
631 2058 798 2101 Scipione
827 2061 1008 2098 Africano.

294 2106 389 2140 Quas
405 2107 498 2140 inter
513 2109 730 2143 calamitates
748 2113 886 2145 Metelli
911 2114 1008 2148 ducit

292 2159 441 2192 Plinius.
499 2161 624 2194 Cicero
655 2163 690 2195 in
719 2163 869 2205 Officiis,
904 2167 915 2185 ‘
933 2167 1007 2200 sine

293 2210 485 2243 acerbitate
510 2212 758 2245 dissensionem
772 2214 794 2255 ;'
837 2214 1009 2259 Valerius,

291 2262 301 2276 ‘
319 2267 442 2303 graves
456 2264 697 2306 testatasque‚'
720 2271 856 2299 vocant.
894 2269 1007 2301 Recte

291 2315 436 2354 testatas,
461 2315 559 2356 qnasi
584 2324 662 2358 quae
688 2316 882 2350 litterarum
907 2320 1006 2352 testi-

292 2363 408 2396 monio
423 2364 570 2406 signatae
586 2376 594 2398 :
619 2368 722 2399 moris
738 2378 782 2400 ex
798 2369 945 2412 simplici
969 2376 1005 2404 et

294 2413 440 2457 antiqua
470 2417 604 2458 recepti
644 2418 727 2460 vita,
756 2429 824 2461 qua
855 2421 1006 2463 publice,

291 2473 360 2507 qna
374 2466 535 2508 privatim
558 2468 756 2502 inimicitias
772 2471 980 2504 denunciare
995 2484 1003 2505 z

289 2517 334 2549 de
352 2527 421 2560 quo
437 2519 630 2551 litterarum
647 2520 754 2552 decus
771 2521 816 2553 ad
831 2522 1005 2556 Tacitum.

289 2569 371 2602 Hoc
396 2570 477 2602 addi
506 2571 622 2612 velim,
647 2572 836 2604 amicitiam
863 2573 922 2615 qui
952 2584 1005 2606 re-

291 2620 492 2661 nuntiabat,
520 2621 624 2653 etiam
641 2622 874 2656 interdicebat
889 2625 1003 2658 domo.

290 2670 436 2704 Tacitus
463 2673 485 2704 l.
511 2682 546 2705 v.
570 2676 579 2691 ‘
597 2673 666 2706 Sed
687 2674 820 2716 Caesar,
835 2676 944 2708 missis
959 2677 1004 2709 ad

292 2722 455 2755 Senatum
469 2724 612 2766 litteris,
627 2725 789 2758 disseruit
805 2737 933 2759 morem
950 2727 1004 2760 fu—

290 2771 358 2804 isse
393 2774 595 2816 majoribus,
633 2776 770 2818 quoties
800 2777 1005 2811 dirimerent

291 2823 474 2866 amicitias,
500 2826 716 2870 interjicere
741 2827 857 2871 domo,
871 2838 951 2862 eum
965 2829 1005 2862 fi-

290 2879 371 2909 iism
386 2876 511 2919 gratiae
521 2877 680 2920 ponere?
724 2877 778 2912 Et
799 2883 841 2913 ut
857 2880 1005 2923 publice

610 266 756 303 No‘T'AE
789 270 1059 303 VARIORUM
1093 269 1148 302 ΙΝ
1181 271 1469 304 PATERcvm

1068 366 1228 408 Fecisfls,
1239 366 1288 399 ita
1299 367 1506 410 quandoque
1518 367 1786 409 privatim-m·

1067 427 1120 449 co.
1179 418 1339 451 Clemens
1365 418 1635 458 Alexandrinus,
1658 419 1669 437 ‘
1685 417 1783 452 Ani-

1067 469 1199 509 citiam,
1209 480 1311 513 quiam
1326 470 1383 502 diu
1399 471 1567 510 coluerat,
1578 470 1680 502 misso
1691 477 1787 512 punt

1066 530 1152 552 cone
1175 521 1406 561 renunciavit,
1421 531 1489 554 non
1517 522 1607 564 quod
1634 521 1784 563 poenite-a

1066 577 1133 613 ret,
1149 572 1209 604 sed
1236 573 1329 615 quod
1354 572 1504 605 fortunae
1531 573 1650 605 statim
1674 572 1786 614 petti-

1065 624 1261 657 mascel-et!
1284 624 1473 665 Schegkiuc.
1653 632 1656 636 ·

1111 676 1352 719 Qumtcorfilios
1366 674 1512 716 sustulit]
1535 674 1786 710 Emendandoe

1065 725 1173 767 igitur
1192 727 1323 759 Plinius
1352 728 1436 759 Nat.
1455 727 1546 759 Hist.
1574 726 1595 758 l.
1619 734 1703 760 1111.
1722 729 1780 761 1⁸.

1064 777 1122 809 ubi
1140 779 1242 819 vulgo
1259 778 1309 810 ita
1325 778 1476 820 legitur:
1510 779 1520 794 ‘
1539 778 1584 811 Q.
1612 777 1787 812 Metellus

1064 828 1328 869 Macedonicus,
1352 839 1429 861 cum
1456 838 1508 862 vt.
1534 829 1661 861 liberos
1676 829 1782 863 telin·

1065 884 1202 921 queret,
1219 888 1270 912 xi.
1287 886 1433 920 nepotes
1454 879 1620 923 reliquit.'
1662 880 1782 923 Repo·

1065 930 1229 967 nendum,
1254 939 1302 963 iv.
1326 931 1451 963 liberos.
1511 932 1567 963 lta
1581 932 1686 964 etiam
1700 932 1779 975 ipse

1066 980 1202 1012 Plinius
1217 981 1369 1023 ejusdem
1386 982 1464 1014 libri
1480 992 1512 1014 c.
1529 984 1583 1014 44.
1612 986 1653 1015 ut
1673 982 1783 1016 vale«

1065 1031 1154 1064 rium
1170 1032 1376 1074 Maximum,
1393 1032 1568 1065 Aurelium
1586 1033 1778 1075 Victorem,

1065 1089 1102 1116 et
1127 1083 1226 1125 alios,
1251 1088 1399 1118 mittam.
1453 1085 1516 1117 Est
1543 1089 1661 1117 tamen
1684 1084 1780 1127 apud

1063 1136 1107 1167 B.
1125 1135 1354 1177 Augustinum
1381 1137 1405 1169 1.
1423 1145 1467 1169 u.
1492 1139 1547 1169 23.
1576 1137 1619 1168 de
1634 1137 1785 1170 civitate

1066 1187 1155 1219 Dei:
1193 1192 1201 1205 ‘
1218 1188 1383 1220 Metellus
1401 1188 1633 1221 Romanorum
1656 1188 1785 1222 lunda-

1063 1239 1223 1280 tissimus,
1250 1240 1309 1282 qni
1325 1240 1446 1272 habuit
1465 1249 1498 1272 v.
1515 1239 1604 1272 filios
1621 1240 1780 1273 eous-1⁵-

1063 1299 1132 1332 res,
1149 1291 1254 1322 etiam
1281 1300 1397 1324 rerum
1425 1291 1670 1333 temporalium
1690 1289 1780 1323 felix

1062 1341 1155 1374 fuit!
1198 1343 1268 1374 Sed
1293 1343 1349 1374 liic
1375 1352 1512 1385 quoque
1540 1341 1782 1384 reponendum

1062 1392 1213 1426 arbitror
1229 1403 1280 1426 ιν.
1325 1394 1432 1426 Nulla
1447 1393 1573 1426 menda
1586 1393 1783 1436 crebriora,

1063 1454 1165 1486 qnam
1181 1444 1275 1477 circa
1290 1454 1464 1477 numeros.
1493 1445 1632 1478 Vossius.

1105 1495 1249 1536 Rostris]
1293 1496 1394 1528 More.
1417 1497 1597 1538 majorum,
1621 1505 1724 1539 quen
1739 1500 1778 1530 et

1063 1547 1227 1588 graphice
1254 1547 1423 1589 Polybius
1454 1549 1478 1580 l.
1505 1556 1557 1580 vi.
1585 1548 1774 1590 exprimit:

1061 1598 1070 1615 ‘
1086 1598 1123 1630 Si
1139 1599 1278 1640 quando
1295 1598 1386 1640 apud
1408 1609 1467 1631 eos
1493 1599 1661 1642 quispim
1676 1608 1722 1632 ex
1734 1599 1779 1633 il-

1061 1649 1225 1682 lustribus
1242 1650 1324 1682 viris
1339 1659 1384 1682 ex
1398 1650 1465 1682 hac
1483 1651 1554 1683 vita
1569 1650 1782 1693 decesserit,-

1062 1701 1153 1733 elato
1188 1699 1314 1733 funere
1341 1706 1501 1743 portatur
1531 1712 1610 1734 cum
1640 1702 1778 1746 reliqua

1062 1762 1189 1794 pompa
1205 1753 1249 1785 ad
1266 1756 1388 1794 rostra,
1398 1753 1446 1786 sic
1462 1753 1572 1795 dieta,
1585 1754 1620 1786 in
1635 1753 1749 1788 forum
1762 1762 1779 1788 e

1061 1808 1096 1835 et
1112 1812 1203 1835 nunc
1219 1808 1313 1836 stans
1328 1804 1543 1846 conspicuus,
1561 1814 1653 1838 nune
1666 1805 1775 1839 obvo-

1059 1856 1167 1895 lutus,
1182 1854 1287 1897 idque
1305 1865 1396 1896 raro,
1417 1855 1578 1888 universa
1589 1856 1691 1898 plebe
1706 1856 1776 1890 cir-

1060 1911 1268 1946 curustaute,
1282 1910 1398 1938 rostra
1427 1906 1619 1946 adscendit,
1645 1907 1674 1939 si
1701 1908 1778 1950 qui-

1060 1956 1138 1989 dem
1155 1956 1246 1988 filius
1264 1956 1402 1988 adultus
1428 1957 1594 1998 supersit,
1613 1962 1657 1990 'ac
1682 1967 1776 2001 pra-

1059 2017 1137 2040 sens
1154 2007 1297 2047 existat,
1321 2007 1374 2039 sin
1403 2017 1484 2040 vero
1498 2008 1585 2041 alius
1598 2008 1773 2051 quispiam

1059 2058 1225 2100 exipsius
1242 2067 1381 2100 genere,
1404 2068 1446 2091 ac
1471 2058 1644 2092 demortui
1664 2060 1775 2093 virtu-¹

1058 2116 1126 2152 tes,
1150 2116 1186 2143 et
1214 2120 1290 2153 quae
1315 2110 1350 2142 in
1377 2110 1451 2142 vita
1466 2110 1635 2152 praeclare
1651 2110 1775 2153 gessit,

1058 2162 1298 2205 depraedicat!
1354 2163 1401 2195 Et
1425 2163 1568 2195 statim:
1601 2163 1773 2197 ‘Ubinn-

1057 2219 1128 2247 tem
1145 2214 1335 2255 praeclarus
1355 2213 1478 2256 aliquis
1501 2224 1546 2246 ex
1573 2214 1775 2248 domatieis

1057 2266 1216 2298 ultimum
1230 2264 1322 2297 diem
1344 2264 1444 2304 obiit,
1465 2264 1654 2298 instituunt
1675 2263 1776 2298 fune—

1057 2316 1104 2348 ris
1120 2316 1320 2358 elationem,
1346 2319 1382 2348 et
1409 2314 1627 2356 circumfusi,
1645 2315 1704 2359 qui
1728 2315 1775 2350 ιὶο·

1056 2368 1200 2408 millimi,
1225 2366 1463 2409 magnitudine
1485 2373 1523 2399 et
1548 2367 1684 2410 reliqna
1700 2371 1772 2401 su·

1057 2421 1134 2450 tura
1151 2417 1324 2458 videntur,
1346 2418 1509 2449 vestitum
1536 2423 1717 2460 usurpant,
1738 2417 1771 2451 ci

1056 2469 1111 2501 vel
1127 2469 1246 2501 consul
1265 2469 1319 2501 vel
1335 2469 1533 2509 Imperator
1546 2467 1667 2509 fuerit,
1687 2476 1771 2511 pu·-

1055 2530 1144 2562 pura
1158 2520 1431 2559 circumdatum;
1448 2520 1475 2550 si
1490 2528 1628 2560 censor,
1638 2526 1770 2562 purpu-

1055 2581 1177 2612 reum;
1215 2572 1242 2604 si
1274 2572 1482 2613 triumphum
1509 2571 1586 2613 egit⁴
1608 2571 1669 2604 vel
1697 2571 1768 2605 ule

1056 2623 1140 2666 quid
1159 2622 1323 2665 perfecit,
1339 2633 1422 2655 auro
1438 2627 1652 2655 contextum.
1698 2620 1768 2664 Igi-

1056 2680 1113 2708 tur
1129 2677 1184 2708 isti
1200 2686 1301 2708 curru
1317 2675 1502 2709 incedunt:
1545 2674 1658 2707 fasces
1682 2684 1767 2708 vei-o

1056 2732 1091 2758 et
1120 2736 1258 2759 secures
1286 2736 1327 2759 ac
1351 2727 1485 2769 reliqua
1512 2725 1766 2768 priucipatibus

1056 2782 1220 2810 consueta
1250 2777 1439 2810 secuudum
1472 2776 1678 2818 dignitatem
1706 2786 1772 2810 ens-7

1049 2829 1180 2872 jusque
1206 2829 1420 2871 praecedunt,
1436 2837 1516 2870 qua,
1529 2827 1610 2860 dnm
1624 2827 1660 2860 in
1675 2827 1771 2862 vivit

1054 2884 1159 2925 esset,
1170 2880 1208 2915 in
1223 2879 1312 2923 nep.
1326 2879 1498 2921 eminnit;
1519 2878 1636 2912 abiail
1650 2883 1768 2913 rum
