2008 3210
395 230 482 275 368

394 337 430 369 in
446 336 533 379 acie,
556 346 649 380 saepe
672 338 706 371 in
731 338 880 381 agmine,
901 348 995 381 saepe
1012 339 1107 372 circa

394 388 503 429 ipsam
546 388 669 421 urbem
698 389 863 422 adversus
902 390 1105 432 eruptiones

393 438 541 471 hostium
564 443 753 481 pugnatum
767 439 789 479 ς’
813 439 906 472 forte
921 445 958 473 et
980 440 1028 472 ibi
1044 440 1103 472 ab·

386 489 544 530 jicienda
559 495 704 532 utraque
731 488 944 532 praepositio.
970 491 1104 524 Gruter.

393 539 485 581 Saepe
498 540 534 573 in
547 541 742 583 agminibus]
759 542 813 573 Ex
827 541 1030 575 definitione
1045 552 1104 585 ag-

393 589 495 623 minis
529 591 701 632 intelliges
728 602 830 634 quam
860 592 1020 634 adposite
1048 593 1104 626 hic

391 641 524 674 Noster
539 643 674 675 locutus
700 642 757 676 sit.
800 642 872 676 Adi
893 643 1017 677 Isidor.
1041 643 1103 677 lib.

392 700 473 724 xm.
489 702 565 734 cap.
579 695 611 725 8.
633 693 772 734 Schegk.

438 743 535 776 Circa
548 742 706 786 Alesiam]
728 745 787 777 Sic
802 744 906 778 malui
920 754 998 778 cnm
1009 749 1103 778 vete-

392 792 488 826 ribus
514 793 610 826 libris
651 798 688 828 et
729 795 841 828 doctis
872 796 970 837 viris,
1000 806 1102 839 quam

390 844 550 879 Alesiam.
580 845 732 879 Condita
746 851 862 880 antem
875 846 919 879 ab
935 847 1103 889 Hercule,

390 895 499 928 totius
527 896 650 930 Galliae
677 897 894 939 Metropolis,
917 897 1030 930 libera
1060 907 1102 931 ae

390 946 445 979 sui
462 947 554 989 juris
569 957 678 990 usque
699 948 743 980 ad
760 949 801 981 C.
816 948 964 981 Caesaris
979 958 1104 983 aevum.

390 998 564 1032 Diodorus
590 999 649 1032 lib.
664 1008 698 1032 v.
742 999 855 1032 Situm
881 999 958 1042 ejus
984 1001 1103 1034 Caesar

389 1050 480 1083 Bell.
494 1050 587 1084 Gall.
612 1051 671 1084 lib.
685 1060 753 1084 v11.
775 1055 813 1084 et
827 1050 955 1083 Strabo
970 1051 1102 1084 habent

389 1100 615 1143 descriptum.
653 1102 755 1134 Idem.
812 1102 908 1134 Circa
936 1101 1101 1145 Alexiam]

390 1153 536 1194 Repone
551 1151 707 1194 Alesiam,
731 1162 776 1185 ex
792 1152 860 1186 Ms.
888 1152 948 1185 Ita
961 1156 1100 1195 semper

390 1202 521 1242 Graeci,
533 1203 735 1246 plerumque
750 1203 857 1236 etiam
869 1203 997 1237 Latini.
1021 1204 1100 1237 Non

390 1254 512 1296 ignoro
536 1258 666 1295 tamen,
693 1254 734 1287 X
748 1258 786 1287 et
809 1253 838 1287 S
858 1254 983 1288 crebro
1009 1264 1100 1288 com·

389 1305 528 1339 mutari.
559 1305 681 1338 Florus
696 1305 757 1338 lib.
772 1314 829 1339 ιιι.
842 1315 919 1347 cap.
935 1308 1003 1347 10.,
1018 1306 1101 1339 scri-

391 1355 458 1396 bit,
480 1359 589 1388 totam
615 1355 843 1388 bellirmolem
857 1355 950 1388 eirca
966 1356 1100 1398 Gergo-

377 1405 480 1439 'viam
495 1406 624 1448 fuisse;
647 1416 714 1440 non
729 1405 895 1448 Alesiam,
918 1410 958 1439 ut
971 1406 1100 1439 Vellei-

390 1467 431 1490 us
449 1457 587 1501 aliique.
631 1458 740 1502 Cujus
754 1467 908 1491 errorem
930 1456 1004 1500 jam
1019 1457 1101 1490 olim

389 1509 497 1542 etiam
506 1509 737 1552 deprehendit
744 1509 945 1554 Anonymus
957 1520 1018 1544 seu
1027 1509 1101 1544 Cae-

387 1562 487 1603 saris,
509 1572 570 1595 seu
584 1562 671 1597 Julii
685 1563 780 1597 Celsi
802 1563 1009 1606 exscriptor.
1053 1563 1101 1598 Et

388 1612 536 1644 sane'nil
556 1611 785 1646 manifestius.
829 1613 907 1646 Nec
933 1612 1035 1646 facile
1051 1613 1101 1646 in.

388 1662 520 1704 venias,
535 1663 636 1705 juxta
650 1664 793 1696 Romam
816 1664 897 1696 olim
914 1673 944 1697 a·
957 1665 1100 1697 Senoni-

390 1713 453 1746 bus
464 1720 622 1756 captam,
635 1724 715 1757 quae
730 1714 842 1747 Gallis
858 1715 1032 1748 Romanos
1047 1715 1099 1749 in-

387 1762 546 1796 festiores
570 1764 798 1806 reddiderint,
819 1774 923 1808 quam
945 1765 1100 1807 pericula

388 1814 480 1856 apud
491 1814 644 1847 Alesiam
660 1815 770 1849 adita.
811 1816 962 1858 Insignis
975 1816 1019 1848 de
1034 1817 1099 1849 boc

388 1869 444 1896 est
459 1864 577 1897 Taciti
597 1865 705 1906 loeus,
731 1865 793 1899 lib.
817 1875 870 1899 xi.
893 1865 1097 1907 Annalium3

387 1914 449 1946 sed
465 1915 713 1956 etiam,summi
723 1916 786 1948 viri
799 1916 822 1949 J
826 1917 894 1949 usti
906 1917 1013 1959 Lipsii
1025 1926 1100 1950 sen-

387 1964 511 2006 tentia,
533 1969 607 1998 tam
627 1965 824 2008 prodigiose
839 1971 1036 2010 corruptus,
1058 1972 1098 2002 ut

386 2025 432 2049 ue
448 2014 567 2048 Attius
587 2016 720 2049 Navius
735 2017 901 2059 quidem,
912 2022 1014 2060 pater
1040 2029 1099 2052 an·

386 2075 523 2109 gurum,
543 2067 577 2100 ei
601 2067 676 2099 sine
702 2067 799 2101 libris
824 2069 955 2102 mederi
981 2074 1098 2112 queat.

386 2117 505 2150 Verba
518 2118 635 2151 Taciti
659 2119 735 2152 baec
760 2124 852 2161 sunt,
873 2131 917 2153 ex
941 2122 1099 2155 oratione

387 2173 509 2200 contra
525 2178 689 2210 proceres
699 2169 827 2202 Galliae
841 2171 1018 2211 Comatae;
1040 2172 1099 2215 qni

387 2229 500 2261 nuper
521 2220 582 2261 jus
605 2220 756 2253 civitatis
777 2222 968 2263 consecuti,
990 2223 1098 2258 etiam

382 2268 442 2310 jus
458 2268 757 2311 adipiscendorum
779 2271 815 2304 in
835 2271 918 2304 urbe
931 2272 1097 2305 honorum

388 2321 569 2361 petebant:
586 2322 597 2340 ⁴
611 2321 828 2363 Oppletnros
843 2322 958 2356 omnia
971 2322 1097 2357 divites

387 2370 481 2411 illos;
495 2381 641 2413 quorum
653 2372 709 2404 avi
722 2372 912 2415 proavique
923 2372 1095 2406 hostilium

385 2420 564 2453 nationum
603 2420 721 2463 duces,
758 2422 933 2456 exercitus
960 2428 1095 2459 nostros

387 2469 481 2505 ferro
495 2471 598 2514 vique
609 2472 804 2506 ceciderint
814 2483 824 2513 ;
838 2473 954 2506 divum
963 2475 986 2508 J
990 2474 1095 2508 ulium

386 2521 481 2563 apud
495 2520 648 2556 Alesiam
673 2523 882 2556 obsederint.
929 2525 1096 2559 Recentia

387 2572 483 2605 haec:
508 2572 589 2615 quid
609 2573 638 2605 si
662 2575 828 2611 memoria
849 2584 969 2608 eorum
985 2576 1096 2610 inore·

387 2631 496 2664 retur,
518 2625 576 2667 qui
591 2625 778 2667 Capitolio,
798 2633 838 2659 et
859 2637 920 2660 ara
934 2629 1097 2671 Romana,

387 2674 544 2711 manibus
560 2676 747 2714 eorundem
764 2678 959 2719 prostratis.
990 2679 1096 2712 Frue-

388 2720 507 2759 rentur
537 2735 618 2767 sane
639 2727 816 2761 vocabulo
844 2728 1015 2762 civitatis:
1045 2729 1096 2763 in·

704 242 850 276 NOTAE
883 243 1151 277 VARmRUM
1184 245 1237 277 IN
1272 246 1557 281 PATEROULI

1155 349 1355 382 personasse
1376 342 1467 374 visus
1482 351 1568 376 sum.
1609 340 1753 376 Scribo:
1779 343 1868 381 Quid

1153 391 1184 423 si
1195 392 1347 425 mensoria
1367 403 1471 425 eorum
1493 393 1681 434 irroret-etur,
1701 393 1755 434 qai
1769 393 1871 436 Capi-

1154 442 1244 483 tolio,
1257 446 1287 474 et
1299 453 1358 475 ara
1371 443 1525 482 Romana,
1534 444 1686 476 mercibus
1699 445 1869 478 emuna

1153 494 1338 534 prostratis,
1363 493 1576 533 fruerentur?
1627 493 1711 527 Sane
1735 495 1866 528 vocabu-

1154 543 1221 575 lum
1242 544 1405 582 civitatis3
1425 544 1566 585 insignia
1585 548 1727 587 patrum,
1750 547 1871 580 deeora·

1154 595 1399 635 magistratuum
1411 605 1450 627 ne
1462 596 1640 636 vulgarent.
1683 595 1754 629 Per
1768 600 1867 630 aram

1155 645 1356 688 Romanam,
1375 646 1566 679 Maximam
1581 647 1748 689 intelligit
1768 648 1864 690 'Paei-

1155 699 1234 735 tus3
1267 705 1382 740 quam,
1416 701 1455 729 ut
1483 700 1522 729 et
1551 697 1778 740 Capitolium,
1794 702 1868 732 uon·

1152 744 1261 779 fuisse
1282 751 1504 789 prostratam,
1526 757 1571 780 ex
1587 747 1866 789 Plinio,.‚Solino,

1153 797 1311 840 aliisque,
1326 797 1409 831 satis
1424 802 1574 832 constat.
1608 798 1680 832 Sed
1695 799 1775 832 nolo
1788 799 1867 842 pln-

1153 847 1248 881 ribus
1273 850 1513 893 conjecturam
1537 854 1690 883 nostram
1714 850 1867 886 firmare.

1151 898 1231 933 Jam
1260 899 1352 931 enim
1380 899 1464 932 satis
1490 899 1641 934 orbitam
1669 902 1866 936 excessisse

1150 949 1283 982 videor.
1305 949 1511 983 Merebatur
1522 951 1664 984 interim
1679 951 1864 987 hocTaciti

1151 999 1261 1033 locus.
1280 1000 1419 1033 Vossius.
1458 1002 1554 1035 Circa
1568 1003 1726 1046 Alesiaion]
1740 1004 1863 1038 Florus·

1144 1050 1311 1085 Alexiam
1331 1057 1446 1095 vocat,
1461 1062 1522 1087 111.
1537 1057 1591 1087 10.
1606 1058 1661 1088 28.
1705 1056 1796 1090 Vide
1810 1057 1865 1100 lp-

1151 1112 1226 1135 sum
1252 1103 1341 1137 Caes.
1362 1104 1453 1138 Bell.
1478 1105 1570 1140 Gall.
1590 1115 1658 1139 vn.
1679 1106 1862 1142 Plutarch.

1150 1152 1187 1185 in
1203 1153 1292 1186 Caes.
1323 1153 1386 1186 Διὰ
1406 1155 1515 1187 πολλὰ
1538 1154 1597 1195 μὲν
1620 1154 1676 1191 οὖν
1694 1156 1820 1192 elabi-m
1843 1159 1862 1191 ὖ

1149 1202 1225 1245 πρὸς
1230 1203 1364 1248 Ἀλησίᾳ
1373 1204 1511 1238 κίνδυνος
1521 1205 1600 1248 ἔσχε
1613 1206 1717 1251 δόξαν,
1728 1209 1769 1242 ὥς
1779 1208 1860 1253 ἔργα

1149 1253 1271 1294 τόλμης
1294 1255 1346 1288 καὶ
1369 1255 1559 1298 δεινότητος,
1587 1256 1639 1291 οἶα
1662 1260 1727 1291 τῶι
1752 1259 1874 1302 ἄλλων,

1149 1304 1278 1346 ἀγώνων
1291 1305 1389 1339 οὐδεὶς
1403 1307 1656 1349 παρασχόμενοςε
1687 1311 1812 1344 Multas
1824 1313 1863 1345 ob

1149 1366 1276 1390 caussas
1294 1358 1431 1399 gloriam
1461 1360 1600 1393 Caeearis
1623 1362 1718 1394 auxit
1742 1363 1800 1396 hoc
1817 1365 1862 1397 ad

1149 1406 1289 1439 Alesiam
1309 1412 1491 1442 certamen.-
1516 1410 1628 1452 quippo
1654 1411 1708 1444 ubi
1732 1423 1770 1446 ea
1794 1413 1861 1449 vir-

1149 1458 1230 1490 tutis
1250 1459 1432 1500 consiliique
1451 1461 1648 1504 domata,
1668 1463 1774 1504 qualia
1798 1474 1862 1497 non

1149 1510 1186 1542 in
1213 1509 1276 1542 alio
1293 1508 1396 1550 facile
1422 1512 1604 1554 certamine,
1624 1513 1736 1548 edidit.
1771 1515 1861 1548 Boe-

1151 1561 1277 1596 clerus.

1194 1613 1336 1655 Septimo
1346 1613 1454 1654 ferme
1473 1615 1569 1659 anno]
1593 1616 1770 1659 Septimum
1784 1615 1861 1656 sere

1149 1674 1278 1706 annum,
1301 1674 1376 1708 ego.
1397 1665 1537 1710 Lipsius.

1196 1717 1278 1750 Cum
1305 1717 1441 1750 mediam
1460 1717 1548 1760 jam]
1571 1716 1746 1761 Apposite
1775 1722 1859 1752 tune

1149 1767 1287 1801 demum
1301 1768 1428 1803 Juliam
1446 1770 1568 1813 pignus
1583 1771 1780 1810 coneordiae
1801 1779 1860 1804 co·

1149 1818 1312 1852 haerentis
1327 1819 1436 1859 dixin
1459 1830 1536 1853 nam
1558 1816 1662 1854 aufea
1685 1831 1767 1855 sane
1790 1831 1859 1855 non

1149 1873 1226 1902 erat
1240 1879 1327 1912 opus
1343 1870 1406 1903 tali
1418 1870 1548 1904 obside.
1574 1872 1706 1910 Gruter.

1197 1921 1248 1952 Ex
1262 1920 1382 1953 invidia
1395 1921 1559 1963 potentia]
1573 1922 1687 1963 Vulgo
1701 1922 1860 1965 Pompeii.

1149 1970 1324 2012 Displicet
1351 1975 1618 2014 suspectumque
1646 1977 1701 2005 est
1726 1972 1761 2004 in
1787 1974 1859 2015 pri-

1148 2031 1244 2054 more
1269 2022 1346 2055 loeo
1371 2032 1497 2056 nomen
1520 2023 1678 2066 Pompeii.
1722 2024 1759 2057 Si
1785 2034 1857 2058 rec-

1148 2077 1235 2116 tum,
1256 2073 1340 2117 quid
1356 2074 1404 2106 ita
1423 2074 1542 2107 statim
1560 2074 1744 2116 Pompeium
1759 2084 1858 2118 repe-

1149 2124 1217 2156 tit?
1239 2134 1301 2157 eur
1315 2134 1384 2157 non
1398 2124 1514 2166 potius
1528 2124 1661 2166 scribit,
1681 2125 1768 2158 inter
1787 2129 1860 2159 eutii

1147 2177 1180 2207 et
1203 2176 1238 2207 C.
1257 2173 1442 2207 emar-em?
1483 2175 1599 2208 Series
1626 2180 1664 2209 et
1689 2186 1763 2209 mos
1786 2177 1862 2210 nili·

1147 2226 1200 2258 sic
1230 2225 1440 2268 postulabat.
1492 2226 1563 2258 Cur
1602 2226 1708 2259 etiam
1746 2227 1858 2261 solum

1146 2274 1352 2316 Pompeium
1363 2284 1517 2308 caussam
1532 2275 1615 2308 facit
1626 2275 1742 2309 infidae
1758 2278 1857 2320 hujus

1146 2325 1364 2358 concordiae?
1381 2326 1542 2368 peccavit
1556 2326 1647 2359 enim
1661 2336 1731 2359 non
1744 2328 1856 2360 minus

1147 2374 1278 2407 Caesar.
1320 2375 1484 2418 Denique
1510 2375 1721 2418 primogenia
1751 2377 1857 2411 lectio

1146 2425 1241 2457 nulla
1252 2424 1356 2458 babet
1366 2425 1526 2468 Pompeii
1538 2436 1673 2461 nomen.
1705 2428 1772 2461 Illa
1785 2429 1855 2462 sic:

1145 2485 1187 2509 ax
1199 2475 1322 2508 invidia
1339 2476 1435 2508 Ponti
1450 2487 1487 2509 ac
1505 2477 1652 2510 Camilie.
1689 2477 1856 2512 Profecto
1879 2472 1882 2474 v

1145 2527 1348 2569 legendum:
1370 2537 1411 2559 ex
1438 2528 1560 2561 invidio
1586 2529 1738 2570 potentie
1762 2529 1855 2564 mle.

1146 2578 1237 2611 Nam
1251 2577 1321 2611 fuit
1347 2578 1558 2620 compendio
1582 2579 1760 2622 scriptum,
1782 2581 1856 2622 ρ’ὀιι-

1145 2629 1212 2662 tioe.
1245 2629 1345 2661 Bona
1357 2639 1429 2671 prae
1441 2629 1583 2672 vulgata
1594 2639 1770 2672 veraxque
1778 2630 1854 2663 haec

1145 2679 1330 2712 sententia.
1381 2679 1496 2719 Obiit,
1511 2679 1572 2720 ait,
1592 2678 1700 2720 Julia,
1715 2680 1855 2714 unicum
1875 2722 1878 2725 Α

1146 2729 1271 2772 pignus
1286 2730 1358 2762 sive
1373 2730 1524 2763 vinclum
1548 2730 1740 2763 concordiae
1766 2732 1855 2766 male

389 2775 499 2815 signia
515 2780 664 2818 patrum,
690 2777 820 2810 decora
834 2779 1097 2821 magistratuum
1141 2780 1215 2822 jam
1238 2780 1416 2821 haerentis,
1440 2780 1520 2823 quia
1534 2781 1623 2813 alter
1637 2781 1780 2815 alterius
1787 2793 1856 2825 poe

387 2833 431 2856 ne
448 2825 650 2874 vulgarent?
694 2828 768 2870 Ego
784 2832 897 2862 tamen
911 2829 992 2862 mihi
1010 2830 1096 2863 bene

1146 2833 1266 2866 tentiae
1283 2833 1505 2866 invidebant:
1524 2833 1578 2866 bic
1594 2833 1684 2866 illius
1699 2843 1854 2880 crescen-
