<?xml version="1.0" encoding="UTF-8"?>
<!DOCTYPE html PUBLIC "-//W3C//DTD XHTML 1.0 Transitional//EN"
    "http://www.w3.org/TR/xhtml1/DTD/xhtml1-transitional.dtd">
<html xmlns="http://www.w3.org/1999/xhtml" xml:lang="en" lang="en">
 <head>
  <title>
</title>
<meta http-equiv="Content-Type" content="text/html;charset=utf-8" />
  <meta name='ocr-system' content='tesseract 3.04.00' />
  <meta name='ocr-capabilities' content='ocr_page ocr_carea ocr_par ocr_line ocrx_word'/>
</head>
<body>
  <div class='ocr_page' id='page_1' title='image "./historiaromanaex00velluoft_0266.png"; bbox 0 0 2002 3250; ppageno 0'>
   <div class='ocr_carea' id='block_1_1' title="bbox 558 543 1620 602">
    <p class='ocr_par' dir='ltr' id='par_1_1' title="bbox 558 543 1620 602">
     <span class='ocr_line' id='line_1_1' title="bbox 558 543 1620 602; baseline 0.008 -11"><span class='ocrx_word' id='word_1_1' title='bbox 558 543 1203 598; x_wconf 83' lang='lat' dir='ltr'><strong>FRAGMENTUM</strong></span> <span class='ocrx_word' id='word_1_2' title='bbox 1258 549 1620 602; x_wconf 85' lang='lat' dir='ltr'><strong>VELLEII</strong></span> 
     </span>
    </p>
   </div>
   <div class='ocr_carea' id='block_1_2' title="bbox 632 705 1537 740">
    <p class='ocr_par' dir='ltr' id='par_1_2' title="bbox 632 705 1537 740">
     <span class='ocr_line' id='line_1_2' title="bbox 632 705 1537 740; baseline 0.002 -2"><span class='ocrx_word' id='word_1_3' title='bbox 632 705 929 739; x_wconf 82' lang='lat' dir='ltr'><strong>EXCERPTUM</strong></span> <span class='ocrx_word' id='word_1_4' title='bbox 952 707 1019 740; x_wconf 89' lang='lat' dir='ltr'><strong>EX</strong></span> <span class='ocrx_word' id='word_1_5' title='bbox 1044 705 1253 740; x_wconf 81' lang='lat' dir='ltr'><strong>GALLICA</strong></span> <span class='ocrx_word' id='word_1_6' title='bbox 1277 707 1537 740; x_wconf 81' lang='lat' dir='ltr'>HISTORIA.¹</span> 
     </span>
    </p>
   </div>
   <div class='ocr_carea' id='block_1_3' title="bbox 871 843 1309 887">
    <p class='ocr_par' dir='ltr' id='par_1_3' title="bbox 871 843 1309 887">
     <span class='ocr_line' id='line_1_3' title="bbox 871 843 1309 887; baseline 0.007 -12"><span class='ocrx_word' id='word_1_7' title='bbox 871 843 936 885; x_wconf 70' lang='lat' dir='ltr'><strong>[nx</strong></span> <span class='ocrx_word' id='word_1_8' title='bbox 959 851 1136 876; x_wconf 67' lang='lat' dir='ltr'><strong>nemone</strong></span> <span class='ocrx_word' id='word_1_9' title='bbox 1157 845 1309 887; x_wconf 66' lang='lat' dir='ltr'><strong>omnin]</strong></span> 
     </span>
    </p>
   </div>
   <div class='ocr_carea' id='block_1_4' title="bbox 352 972 1833 2205">
    <p class='ocr_par' dir='ltr' id='par_1_4' title="bbox 352 972 1833 2205">
     <span class='ocr_line' id='line_1_4' title="bbox 354 972 1826 1045; baseline 0.004 -14"><span class='ocrx_word' id='word_1_10' title='bbox 354 972 495 1032; x_wconf 83' lang='lat' dir='ltr'><strong>DUM</strong></span> <span class='ocrx_word' id='word_1_11' title='bbox 526 989 628 1032; x_wconf 86' lang='lat' dir='ltr'><strong>haec</strong></span> <span class='ocrx_word' id='word_1_12' title='bbox 662 990 782 1032; x_wconf 87' lang='lat' dir='ltr'><strong>circa</strong></span> <span class='ocrx_word' id='word_1_13' title='bbox 812 989 1021 1032; x_wconf 86' lang='lat' dir='ltr'><strong>Rhenum</strong></span> <span class='ocrx_word' id='word_1_14' title='bbox 1056 995 1255 1045; x_wconf 83' lang='lat' dir='ltr'><strong>aguntur,</strong></span> <span class='ocrx_word' id='word_1_15' title='bbox 1289 991 1333 1032; x_wconf 90' lang='lat' dir='ltr'><strong>in</strong></span> <span class='ocrx_word' id='word_1_16' title='bbox 1365 991 1634 1036; x_wconf 85' lang='lat' dir='ltr'><strong>Noricorum</strong></span> <span class='ocrx_word' id='word_1_17' title='bbox 1665 992 1826 1037; x_wconf 70' lang='lat' dir='ltr'><strong>finibus</strong></span> 
     </span>
     <span class='ocr_line' id='line_1_5' title="bbox 352 1058 1824 1116; baseline 0.002 -15"><span class='ocrx_word' id='word_1_18' title='bbox 352 1072 485 1114; x_wconf 84' lang='lat' dir='ltr'><strong>grave</strong></span> <span class='ocrx_word' id='word_1_19' title='bbox 499 1059 656 1101; x_wconf 84' lang='lat' dir='ltr'><strong>vulnus</strong></span> <span class='ocrx_word' id='word_1_20' title='bbox 676 1058 870 1112; x_wconf 89' lang='lat' dir='ltr'><strong>populus</strong></span> <span class='ocrx_word' id='word_1_21' title='bbox 892 1058 1130 1100; x_wconf 82' lang='lat' dir='ltr'><strong>Romanus</strong></span> <span class='ocrx_word' id='word_1_22' title='bbox 1147 1059 1336 1114; x_wconf 86' lang='lat' dir='ltr'><strong>accepit.</strong></span> <span class='ocrx_word' id='word_1_23' title='bbox 1381 1059 1565 1116; x_wconf 84' lang='lat' dir='ltr'>Quippe</span> <span class='ocrx_word' id='word_1_24' title='bbox 1583 1060 1824 1104; x_wconf 87' lang='lat' dir='ltr'><strong>Germano-</strong></span> 
     </span>
     <span class='ocr_line' id='line_1_6' title="bbox 353 1125 1827 1181; baseline 0.001 -12"><span class='ocrx_word' id='word_1_25' title='bbox 353 1141 447 1169; x_wconf 88' lang='lat' dir='ltr'><strong>rum</strong></span> <span class='ocrx_word' id='word_1_26' title='bbox 480 1129 643 1180; x_wconf 83' lang='lat' dir='ltr'><strong>genteS,</strong></span> <span class='ocrx_word' id='word_1_27' title='bbox 676 1125 798 1181; x_wconf 91' lang='lat' dir='ltr'><strong>quod</strong></span> <span class='ocrx_word' id='word_1_28' title='bbox 833 1126 882 1180; x_wconf 92' lang='lat' dir='ltr'><strong>[l.</strong></span> <span class='ocrx_word' id='word_1_29' title='bbox 903 1125 1024 1181; x_wconf 83' lang='lat' dir='ltr'><strong>quae]</strong></span> <span class='ocrx_word' id='word_1_30' title='bbox 1053 1125 1264 1168; x_wconf 80' lang='lat' dir='ltr'><strong>Rhaetias</strong></span> <span class='ocrx_word' id='word_1_31' title='bbox 1293 1126 1342 1181; x_wconf 88' lang='lat'><strong>[1.</strong></span> <span class='ocrx_word' id='word_1_32' title='bbox 1364 1125 1590 1169; x_wconf 86' lang='lat' dir='ltr'><strong>Rhaetiam</strong></span> <span class='ocrx_word' id='word_1_33' title='bbox 1621 1141 1658 1170; x_wconf 89' lang='lat' dir='ltr'><strong>s.</strong></span> <span class='ocrx_word' id='word_1_34' title='bbox 1690 1127 1827 1178; x_wconf 82' lang='lat' dir='ltr'><strong>Rhae-</strong></span> 
     </span>
     <span class='ocr_line' id='line_1_7' title="bbox 354 1194 1827 1252; baseline 0.001 -15"><span class='ocrx_word' id='word_1_35' title='bbox 354 1194 463 1247; x_wconf 82' lang='lat' dir='ltr'><strong>tios]</strong></span> <span class='ocrx_word' id='word_1_36' title='bbox 494 1197 844 1248; x_wconf 83' lang='lat' dir='ltr'><strong>occupaverant,</strong></span> <span class='ocrx_word' id='word_1_37' title='bbox 865 1207 953 1236; x_wconf 90' lang='lat' dir='ltr'><strong>non</strong></span> <span class='ocrx_word' id='word_1_38' title='bbox 976 1195 1104 1249; x_wconf 87' lang='lat' dir='ltr'><strong>longe</strong></span> <span class='ocrx_word' id='word_1_39' title='bbox 1140 1195 1197 1236; x_wconf 85' lang='lat' dir='ltr'><strong>ab</strong></span> <span class='ocrx_word' id='word_1_40' title='bbox 1225 1194 1434 1250; x_wconf 86' lang='lat' dir='ltr'><strong>Alpibus,</strong></span> <span class='ocrx_word' id='word_1_41' title='bbox 1467 1199 1611 1238; x_wconf 84' lang='lat' dir='ltr'><strong>tractu</strong></span> <span class='ocrx_word' id='word_1_42' title='bbox 1630 1197 1726 1251; x_wconf 86' lang='lat' dir='ltr'><strong>pari</strong></span> <span class='ocrx_word' id='word_1_43' title='bbox 1746 1209 1827 1252; x_wconf 79' lang='lat' dir='ltr'><strong>pa—</strong></span> 
     </span>
     <span class='ocr_line' id='line_1_8' title="bbox 354 1260 1829 1320; baseline 0.002 -16"><span class='ocrx_word' id='word_1_44' title='bbox 354 1263 549 1305; x_wconf 83' lang='lat' dir='ltr'><strong>tentibus</strong></span> <span class='ocrx_word' id='word_1_45' title='bbox 584 1262 776 1316; x_wconf 84' lang='lat' dir='ltr'><strong>campiS,</strong></span> <span class='ocrx_word' id='word_1_46' title='bbox 807 1261 886 1304; x_wconf 90' lang='lat' dir='ltr'><strong>ubi</strong></span> <span class='ocrx_word' id='word_1_47' title='bbox 924 1262 1014 1304; x_wconf 89' lang='lat' dir='ltr'><strong>duo</strong></span> <span class='ocrx_word' id='word_1_48' title='bbox 1045 1262 1320 1317; x_wconf 84' lang='lat' dir='ltr'><strong>rapidissimi</strong></span> <span class='ocrx_word' id='word_1_49' title='bbox 1355 1275 1509 1305; x_wconf 82' lang='lat' dir='ltr'><strong>amnes</strong></span> <span class='ocrx_word' id='word_1_50' title='bbox 1541 1263 1653 1305; x_wconf 86' lang='lat' dir='ltr'><strong>inter</strong></span> <span class='ocrx_word' id='word_1_51' title='bbox 1685 1277 1735 1307; x_wconf 89' lang='lat' dir='ltr'><strong>se</strong></span> <span class='ocrx_word' id='word_1_52' title='bbox 1762 1260 1829 1320; x_wconf 68' lang='grc' dir='ltr'><strong>(Τ)</strong></span> 
     </span>
     <span class='ocr_line' id='line_1_9' title="bbox 356 1328 1828 1388; baseline 0.002 -16"><span class='ocrx_word' id='word_1_53' title='bbox 356 1331 597 1380; x_wconf 85' lang='lat' dir='ltr'><strong>confluunt,</strong></span> <span class='ocrx_word' id='word_1_54' title='bbox 615 1334 667 1371; x_wconf 90' lang='lat' dir='ltr'><strong>ut</strong></span> <span class='ocrx_word' id='word_1_55' title='bbox 685 1330 733 1385; x_wconf 87' lang='lat' dir='ltr'><strong>[l.</strong></span> <span class='ocrx_word' id='word_1_56' title='bbox 752 1328 820 1382; x_wconf 89' lang='lat' dir='ltr'><strong>in]</strong></span> <span class='ocrx_word' id='word_1_57' title='bbox 838 1330 949 1385; x_wconf 85' lang='lat' dir='ltr'><strong>ipsis</strong></span> <span class='ocrx_word' id='word_1_58' title='bbox 969 1330 1153 1373; x_wconf 86' lang='lat' dir='ltr'><strong>Noricis</strong></span> <span class='ocrx_word' id='word_1_59' title='bbox 1175 1330 1335 1374; x_wconf 86' lang='lat' dir='ltr'><strong>finibus</strong></span> <span class='ocrx_word' id='word_1_60' title='bbox 1355 1332 1601 1383; x_wconf 83' lang='lat' dir='ltr'><strong>civitatem,</strong></span> <span class='ocrx_word' id='word_1_61' title='bbox 1621 1345 1708 1374; x_wconf 92' lang='lat' dir='ltr'><strong>non</strong></span> <span class='ocrx_word' id='word_1_62' title='bbox 1728 1332 1828 1388; x_wconf 88' lang='lat' dir='ltr'><strong>qui-</strong></span> 
     </span>
     <span class='ocr_line' id='line_1_10' title="bbox 356 1396 1830 1456; baseline 0.001 -16"><span class='ocrx_word' id='word_1_63' title='bbox 356 1399 459 1440; x_wconf 89' lang='lat' dir='ltr'><strong>dem</strong></span> <span class='ocrx_word' id='word_1_64' title='bbox 477 1411 620 1449; x_wconf 91' lang='lat' dir='ltr'><strong>muro,</strong></span> <span class='ocrx_word' id='word_1_65' title='bbox 642 1398 721 1440; x_wconf 88' lang='lat' dir='ltr'><strong>sed</strong></span> <span class='ocrx_word' id='word_1_66' title='bbox 739 1399 857 1441; x_wconf 86' lang='lat' dir='ltr'><strong>vallo</strong></span> <span class='ocrx_word' id='word_1_67' title='bbox 877 1398 1086 1454; x_wconf 84' lang='lat' dir='ltr'><strong>fossaque</strong></span> <span class='ocrx_word' id='word_1_68' title='bbox 1105 1400 1359 1452; x_wconf 83' lang='lat' dir='ltr'><strong>cinxerunt3</strong></span> <span class='ocrx_word' id='word_1_69' title='bbox 1387 1413 1521 1454; x_wconf 86' lang='lat' dir='ltr'><strong>quam</strong></span> <span class='ocrx_word' id='word_1_70' title='bbox 1542 1396 1830 1456; x_wconf 67' lang='lat' dir='ltr'><strong>appellabant</strong></span> 
     </span>
     <span class='ocr_line' id='line_1_11' title="bbox 356 1466 1829 1523; baseline 0.001 -15"><span class='ocrx_word' id='word_1_71' title='bbox 356 1466 531 1518; x_wconf 80' lang='lat' dir='ltr'><strong>Cisara,</strong></span> <span class='ocrx_word' id='word_1_72' title='bbox 552 1467 727 1509; x_wconf 87' lang='lat' dir='ltr'><strong>nomine</strong></span> <span class='ocrx_word' id='word_1_73' title='bbox 765 1467 878 1509; x_wconf 85' lang='lat' dir='ltr'><strong>Deoe</strong></span> <span class='ocrx_word' id='word_1_74' title='bbox 911 1466 1050 1519; x_wconf 89' lang='lat' dir='ltr'><strong>Cisae,</strong></span> <span class='ocrx_word' id='word_1_75' title='bbox 1084 1481 1218 1522; x_wconf 88' lang='lat' dir='ltr'><strong>quam</strong></span> <span class='ocrx_word' id='word_1_76' title='bbox 1245 1468 1575 1522; x_wconf 82' lang='lat' dir='ltr'><strong>religiosissime</strong></span> <span class='ocrx_word' id='word_1_77' title='bbox 1597 1468 1829 1523; x_wconf 85' lang='lat' dir='ltr'><strong>colebant;</strong></span> 
     </span>
     <span class='ocr_line' id='line_1_12' title="bbox 357 1533 1830 1591; baseline 0 -13"><span class='ocrx_word' id='word_1_78' title='bbox 357 1533 489 1590; x_wconf 86' lang='lat' dir='ltr'><strong>cujus</strong></span> <span class='ocrx_word' id='word_1_79' title='bbox 508 1535 721 1589; x_wconf 85' lang='lat' dir='ltr'><strong>templum</strong></span> <span class='ocrx_word' id='word_1_80' title='bbox 741 1548 920 1591; x_wconf 91' lang='lat' dir='ltr'><strong>quoque</strong></span> <span class='ocrx_word' id='word_1_81' title='bbox 947 1548 1007 1577; x_wconf 82' lang='lat' dir='ltr'><strong>ex</strong></span> <span class='ocrx_word' id='word_1_82' title='bbox 1039 1536 1178 1590; x_wconf 87' lang='lat' dir='ltr'><strong>ligno,</strong></span> <span class='ocrx_word' id='word_1_83' title='bbox 1210 1537 1444 1579; x_wconf 88' lang='lat' dir='ltr'><strong>barbarico</strong></span> <span class='ocrx_word' id='word_1_84' title='bbox 1474 1538 1578 1588; x_wconf 85' lang='lat' dir='ltr'><strong>ritu,</strong></span> <span class='ocrx_word' id='word_1_85' title='bbox 1599 1540 1830 1579; x_wconf 86' lang='lat' dir='ltr'><strong>construc-</strong></span> 
     </span>
     <span class='ocr_line' id='line_1_13' title="bbox 356 1603 1830 1658; baseline 0 -12"><span class='ocrx_word' id='word_1_86' title='bbox 356 1607 474 1657; x_wconf 84' lang='lat' dir='ltr'><strong>tum3</strong></span> <span class='ocrx_word' id='word_1_87' title='bbox 520 1603 694 1658; x_wconf 87' lang='lat' dir='ltr'><strong>[quod]‚</strong></span> <span class='ocrx_word' id='word_1_88' title='bbox 728 1607 966 1658; x_wconf 86' lang='lat' dir='ltr'><strong>postquam</strong></span> <span class='ocrx_word' id='word_1_89' title='bbox 998 1616 1052 1645; x_wconf 90' lang='lat' dir='ltr'><strong>eo</strong></span> <span class='ocrx_word' id='word_1_90' title='bbox 1088 1603 1269 1646; x_wconf 83' lang='lat' dir='ltr'><strong>colonia</strong></span> <span class='ocrx_word' id='word_1_91' title='bbox 1303 1603 1606 1646; x_wconf 86' lang='lat' dir='ltr'><strong>Romanorum</strong></span> <span class='ocrx_word' id='word_1_92' title='bbox 1641 1603 1830 1646; x_wconf 85' lang='lat' dir='ltr'><strong>deducta</strong></span> 
     </span>
     <span class='ocr_line' id='line_1_14' title="bbox 352 1671 1831 1732; baseline 0 -19"><span class='ocrx_word' id='word_1_93' title='bbox 352 1675 440 1722; x_wconf 82' lang='lat' dir='ltr'><strong>est,</strong></span> <span class='ocrx_word' id='word_1_94' title='bbox 460 1671 724 1714; x_wconf 85' lang='lat' dir='ltr'><strong>inviolatum</strong></span> <span class='ocrx_word' id='word_1_95' title='bbox 745 1672 1005 1727; x_wconf 83' lang='lat' dir='ltr'><strong>permansit,</strong></span> <span class='ocrx_word' id='word_1_96' title='bbox 1030 1685 1100 1724; x_wconf 85' lang='lat' dir='ltr'><strong>ac,</strong></span> <span class='ocrx_word' id='word_1_97' title='bbox 1129 1675 1350 1715; x_wconf 83' lang='lat' dir='ltr'><strong>vetustate</strong></span> <span class='ocrx_word' id='word_1_98' title='bbox 1382 1673 1646 1727; x_wconf 82' lang='lat' dir='ltr'><strong>collapsum,</strong></span> <span class='ocrx_word' id='word_1_99' title='bbox 1666 1676 1831 1732; x_wconf 81' lang='lat' dir='ltr'><strong>nomen</strong></span> 
     </span>
     <span class='ocr_line' id='line_1_15' title="bbox 358 1735 1832 1796; baseline -0.001 -14"><span class='ocrx_word' id='word_1_100' title='bbox 358 1739 462 1782; x_wconf 89' lang='lat' dir='ltr'><strong>colli</strong></span> <span class='ocrx_word' id='word_1_101' title='bbox 483 1739 528 1794; x_wconf 87' lang='lat'><strong>[1.</strong></span> <span class='ocrx_word' id='word_1_102' title='bbox 547 1739 695 1792; x_wconf 87' lang='lat' dir='ltr'><strong>collis]</strong></span> <span class='ocrx_word' id='word_1_103' title='bbox 712 1741 921 1787; x_wconf 82' lang='lat' dir='ltr'><strong>servavit.</strong></span> <span class='ocrx_word' id='word_1_104' title='bbox 982 1739 1116 1782; x_wconf 82' lang='lat' dir='ltr'><strong>Hanc</strong></span> <span class='ocrx_word' id='word_1_105' title='bbox 1133 1740 1288 1782; x_wconf 89' lang='lat' dir='ltr'><strong>urbem</strong></span> <span class='ocrx_word' id='word_1_106' title='bbox 1303 1740 1357 1782; x_wconf 88' lang='lat' dir='ltr'><strong>T.</strong></span> <span class='ocrx_word' id='word_1_107' title='bbox 1373 1739 1550 1782; x_wconf 86' lang='lat' dir='ltr'><strong>Annius</strong></span> <span class='ocrx_word' id='word_1_108' title='bbox 1571 1735 1753 1796; x_wconf 70' lang='lat' dir='ltr'><strong>praetor,</strong></span> <span class='ocrx_word' id='word_1_109' title='bbox 1774 1739 1832 1781; x_wconf 83' lang='lat' dir='ltr'><strong>ad</strong></span> 
     </span>
     <span class='ocr_line' id='line_1_16' title="bbox 359 1807 1831 1859; baseline -0.001 -7"><span class='ocrx_word' id='word_1_110' title='bbox 359 1808 574 1851; x_wconf 86' lang='lat' dir='ltr'><strong>arcendas</strong></span> <span class='ocrx_word' id='word_1_111' title='bbox 607 1808 898 1850; x_wconf 84' lang='lat' dir='ltr'><strong>barbarorum</strong></span> <span class='ocrx_word' id='word_1_112' title='bbox 932 1809 1234 1859; x_wconf 82' lang='lat' dir='ltr'><strong>excursiones,</strong></span> <span class='ocrx_word' id='word_1_113' title='bbox 1281 1807 1387 1850; x_wconf 87' lang='lat' dir='ltr'><strong>Kal.</strong></span> <span class='ocrx_word' id='word_1_114' title='bbox 1436 1808 1593 1852; x_wconf 82' lang='lat' dir='ltr'><strong>Sextil.</strong></span> <span class='ocrx_word' id='word_1_115' title='bbox 1629 1810 1831 1852; x_wconf 80' lang='lat' dir='ltr'><strong>exercitu</strong></span> 
     </span>
     <span class='ocr_line' id='line_1_17' title="bbox 359 1875 1833 1932; baseline 0 -13"><span class='ocrx_word' id='word_1_116' title='bbox 359 1876 658 1919; x_wconf 86' lang='lat' dir='ltr'><strong>circumvenit.</strong></span> <span class='ocrx_word' id='word_1_117' title='bbox 719 1875 794 1918; x_wconf 91' lang='lat' dir='ltr'><strong>Ad</strong></span> <span class='ocrx_word' id='word_1_118' title='bbox 827 1877 1114 1919; x_wconf 82' lang='lat' dir='ltr'><strong>meridianam</strong></span> <span class='ocrx_word' id='word_1_119' title='bbox 1149 1877 1304 1932; x_wconf 88' lang='lat' dir='ltr'><strong>oppidi</strong></span> <span class='ocrx_word' id='word_1_120' title='bbox 1338 1880 1524 1932; x_wconf 85' lang='lat' dir='ltr'><strong>partem,</strong></span> <span class='ocrx_word' id='word_1_121' title='bbox 1561 1890 1653 1931; x_wconf 85' lang='lat' dir='ltr'><strong>qua</strong></span> <span class='ocrx_word' id='word_1_122' title='bbox 1679 1877 1779 1919; x_wconf 81' lang='lat' dir='ltr'><strong>sola</strong></span> <span class='ocrx_word' id='word_1_123' title='bbox 1804 1889 1833 1919; x_wconf 87' lang='lat' dir='ltr'><strong>a</strong></span> 
     </span>
     <span class='ocr_line' id='line_1_18' title="bbox 359 1943 1833 1999; baseline -0.001 -11"><span class='ocrx_word' id='word_1_124' title='bbox 359 1944 604 1988; x_wconf 84' lang='lat' dir='ltr'><strong>continenti</strong></span> <span class='ocrx_word' id='word_1_125' title='bbox 623 1947 731 1995; x_wconf 86' lang='lat' dir='ltr'><strong>erat,</strong></span> <span class='ocrx_word' id='word_1_126' title='bbox 755 1947 917 1999; x_wconf 88' lang='lat' dir='ltr'><strong>praetor</strong></span> <span class='ocrx_word' id='word_1_127' title='bbox 945 1944 1043 1999; x_wconf 85' lang='lat' dir='ltr'><strong>ipse</strong></span> <span class='ocrx_word' id='word_1_128' title='bbox 1081 1957 1182 1986; x_wconf 90' lang='lat' dir='ltr'><strong>cum</strong></span> <span class='ocrx_word' id='word_1_129' title='bbox 1210 1944 1382 1997; x_wconf 89' lang='lat' dir='ltr'><strong>legione</strong></span> <span class='ocrx_word' id='word_1_130' title='bbox 1414 1943 1580 1986; x_wconf 85' lang='lat' dir='ltr'><strong>Martia</strong></span> <span class='ocrx_word' id='word_1_131' title='bbox 1609 1945 1833 1999; x_wconf 82' lang='lat' dir='ltr'><strong>operosis-</strong></span> 
     </span>
     <span class='ocr_line' id='line_1_19' title="bbox 359 2011 1833 2067; baseline -0.001 -12"><span class='ocrx_word' id='word_1_132' title='bbox 359 2013 471 2055; x_wconf 82' lang='lat' dir='ltr'><strong>sime</strong></span> <span class='ocrx_word' id='word_1_133' title='bbox 492 2013 797 2063; x_wconf 87' lang='lat' dir='ltr'><strong>communivit‚</strong></span> <span class='ocrx_word' id='word_1_134' title='bbox 818 2012 877 2054; x_wconf 90' lang='lat' dir='ltr'><strong>ad</strong></span> <span class='ocrx_word' id='word_1_135' title='bbox 903 2012 1178 2054; x_wconf 85' lang='lat' dir='ltr'><strong>occidentem</strong></span> <span class='ocrx_word' id='word_1_136' title='bbox 1198 2024 1320 2063; x_wconf 84' lang='lat' dir='ltr'><strong>vero,</strong></span> <span class='ocrx_word' id='word_1_137' title='bbox 1336 2025 1424 2067; x_wconf 91' lang='lat' dir='ltr'><strong>quo</strong></span> <span class='ocrx_word' id='word_1_138' title='bbox 1443 2013 1734 2054; x_wconf 81' lang='lat' dir='ltr'><strong>barbarorum</strong></span> <span class='ocrx_word' id='word_1_139' title='bbox 1754 2011 1833 2054; x_wconf 90' lang='lat' dir='ltr'><strong>ad-</strong></span> 
     </span>
     <span class='ocr_line' id='line_1_20' title="bbox 357 2080 1833 2135; baseline -0.001 -12"><span class='ocrx_word' id='word_1_140' title='bbox 357 2085 521 2124; x_wconf 85' lang='lat' dir='ltr'><strong>ventus</strong></span> <span class='ocrx_word' id='word_1_141' title='bbox 552 2084 658 2132; x_wconf 87' lang='lat' dir='ltr'><strong>erat,</strong></span> <span class='ocrx_word' id='word_1_142' title='bbox 680 2082 819 2132; x_wconf 84' lang='lat' dir='ltr'><strong>Avar,</strong></span> <span class='ocrx_word' id='word_1_143' title='bbox 841 2080 1042 2135; x_wconf 89' lang='lat' dir='ltr'><strong>Bogudis</strong></span> <span class='ocrx_word' id='word_1_144' title='bbox 1069 2081 1184 2135; x_wconf 86' lang='lat' dir='ltr'><strong>regis</strong></span> <span class='ocrx_word' id='word_1_145' title='bbox 1218 2080 1351 2131; x_wconf 90' lang='lat' dir='ltr'><strong>filius,</strong></span> <span class='ocrx_word' id='word_1_146' title='bbox 1371 2093 1470 2122; x_wconf 90' lang='lat' dir='ltr'><strong>cum</strong></span> <span class='ocrx_word' id='word_1_147' title='bbox 1491 2081 1690 2135; x_wconf 86' lang='lat' dir='ltr'><strong>equitatu</strong></span> <span class='ocrx_word' id='word_1_148' title='bbox 1712 2080 1833 2130; x_wconf 88' lang='lat' dir='ltr'><strong>omni</strong></span> 
     </span>
     <span class='ocr_line' id='line_1_21' title="bbox 360 2148 1832 2205; baseline -0.001 -13"><span class='ocrx_word' id='word_1_149' title='bbox 360 2154 402 2192; x_wconf 81' lang='lat' dir='ltr'><strong>et</strong></span> <span class='ocrx_word' id='word_1_150' title='bbox 421 2149 715 2192; x_wconf 86' lang='lat' dir='ltr'><strong>auxiliaribus</strong></span> <span class='ocrx_word' id='word_1_151' title='bbox 737 2149 1040 2191; x_wconf 82' lang='lat' dir='ltr'><strong>Macedonum</strong></span> <span class='ocrx_word' id='word_1_152' title='bbox 1061 2149 1224 2205; x_wconf 86' lang='lat' dir='ltr'><strong>copiis,</strong></span> <span class='ocrx_word' id='word_1_153' title='bbox 1255 2149 1366 2191; x_wconf 85' lang='lat' dir='ltr'><strong>inter</strong></span> <span class='ocrx_word' id='word_1_154' title='bbox 1392 2148 1553 2190; x_wconf 86' lang='lat' dir='ltr'><strong>flumen</strong></span> <span class='ocrx_word' id='word_1_155' title='bbox 1573 2153 1620 2190; x_wconf 87' lang='lat' dir='ltr'><strong>et</strong></span> <span class='ocrx_word' id='word_1_156' title='bbox 1647 2148 1832 2198; x_wconf 85' lang='lat' dir='ltr'><strong>vallum,</strong></span> 
     </span>
    </p>
   </div>
   <div class='ocr_carea' id='block_1_5' title="bbox 1017 2281 1160 2316">
    <p class='ocr_par' dir='ltr' id='par_1_5' title="bbox 1017 2281 1160 2316">
     <span class='ocr_line' id='line_1_22' title="bbox 1017 2281 1160 2316; baseline -0.007 0"><span class='ocrx_word' id='word_1_157' title='bbox 1017 2281 1160 2316; x_wconf 85' lang='lat' dir='ltr'>NOTAE</span> 
     </span>
    </p>
   </div>
   <div class='ocr_carea' id='block_1_6' title="bbox 358 2355 1836 2909">
    <p class='ocr_par' dir='ltr' id='par_1_6' title="bbox 358 2355 1836 2909">
     <span class='ocr_line' id='line_1_23' title="bbox 405 2355 1834 2401; baseline -0.002 -11"><span class='ocrx_word' id='word_1_158' title='bbox 405 2360 416 2376; x_wconf 90' lang='lat'><em>¹</em></span> <span class='ocrx_word' id='word_1_159' title='bbox 444 2358 522 2390; x_wconf 86' lang='lat' dir='ltr'><strong>Hoc</strong></span> <span class='ocrx_word' id='word_1_160' title='bbox 550 2357 785 2401; x_wconf 84' lang='lat' dir='ltr'><strong>fragmentum</strong></span> <span class='ocrx_word' id='word_1_161' title='bbox 809 2359 912 2392; x_wconf 80' lang='lat' dir='ltr'><strong>habet</strong></span> <span class='ocrx_word' id='word_1_162' title='bbox 938 2358 1066 2401; x_wconf 84' lang='lat' dir='ltr'><strong>Wolfg.</strong></span> <span class='ocrx_word' id='word_1_163' title='bbox 1122 2369 1208 2400; x_wconf 88' lang='lat' dir='ltr'><strong>sem,</strong></span> <span class='ocrx_word' id='word_1_164' title='bbox 1223 2357 1279 2401; x_wconf 90' lang='lat' dir='ltr'><strong>qui</strong></span> <span class='ocrx_word' id='word_1_165' title='bbox 1294 2357 1476 2400; x_wconf 78' lang='lat' dir='ltr'><strong>scripserit</strong></span> <span class='ocrx_word' id='word_1_166' title='bbox 1498 2368 1529 2389; x_wconf 87' lang='lat' dir='ltr'><strong>a.</strong></span> <span class='ocrx_word' id='word_1_167' title='bbox 1555 2364 1754 2397; x_wconf 66' lang='lat' dir='ltr'><strong>mccxxlx„</strong></span> <span class='ocrx_word' id='word_1_168' title='bbox 1775 2355 1834 2388; x_wconf 89' lang='lat' dir='ltr'><strong>ubi</strong></span> 
     </span>
     <span class='ocr_line' id='line_1_24' title="bbox 358 2407 1833 2452; baseline -0.001 -12"><span class='ocrx_word' id='word_1_169' title='bbox 358 2408 480 2441; x_wconf 83' lang='lat' dir='ltr'><strong>Lazius</strong></span> <span class='ocrx_word' id='word_1_170' title='bbox 493 2409 527 2440; x_wconf 91' lang='lat' dir='ltr'><strong>in</strong></span> <span class='ocrx_word' id='word_1_171' title='bbox 541 2410 861 2442; x_wconf 84' lang='lat' dir='ltr'><strong>commentariorum</strong></span> <span class='ocrx_word' id='word_1_172' title='bbox 875 2410 960 2452; x_wconf 61' lang='lat' dir='ltr'><strong>reip⁴</strong></span> <span class='ocrx_word' id='word_1_173' title='bbox 969 2411 1067 2442; x_wconf 88' lang='lat' dir='ltr'><strong>Rom.</strong></span> <span class='ocrx_word' id='word_1_174' title='bbox 1122 2413 1237 2441; x_wconf 88' lang='lat' dir='ltr'><strong>tamen</strong></span> <span class='ocrx_word' id='word_1_175' title='bbox 1254 2409 1353 2450; x_wconf 82' lang='lat' dir='ltr'><strong>plura</strong></span> <span class='ocrx_word' id='word_1_176' title='bbox 1369 2409 1497 2440; x_wconf 83' lang='lat' dir='ltr'><strong>inserta</strong></span> <span class='ocrx_word' id='word_1_177' title='bbox 1512 2410 1685 2450; x_wconf 81' lang='lat' dir='ltr'><strong>legantur.</strong></span> <span class='ocrx_word' id='word_1_178' title='bbox 1707 2407 1749 2440; x_wconf 91' lang='lat' dir='ltr'><strong>In</strong></span> <span class='ocrx_word' id='word_1_179' title='bbox 1766 2418 1833 2450; x_wconf 91' lang='lat' dir='ltr'><strong>quo</strong></span> 
     </span>
     <span class='ocr_line' id='line_1_25' title="bbox 358 2457 1834 2502; baseline 0 -12"><span class='ocrx_word' id='word_1_180' title='bbox 358 2458 418 2492; x_wconf 90' lang='lat' dir='ltr'><strong>lib.</strong></span> <span class='ocrx_word' id='word_1_181' title='bbox 433 2468 460 2490; x_wconf 89' lang='lat'><strong>1.</strong></span> <span class='ocrx_word' id='word_1_182' title='bbox 476 2469 550 2501; x_wconf 86' lang='lat' dir='ltr'><strong>cap.</strong></span> <span class='ocrx_word' id='word_1_183' title='bbox 563 2463 595 2491; x_wconf 88' lang='lat'><strong>8.</strong></span> <span class='ocrx_word' id='word_1_184' title='bbox 620 2460 756 2492; x_wconf 83' lang='lat' dir='ltr'><strong>Falsum</strong></span> <span class='ocrx_word' id='word_1_185' title='bbox 775 2460 911 2502; x_wconf 85' lang='lat' dir='ltr'><strong>judicat</strong></span> <span class='ocrx_word' id='word_1_186' title='bbox 927 2460 1068 2501; x_wconf 85' lang='lat' dir='ltr'><strong>Cellar.‚</strong></span> <span class='ocrx_word' id='word_1_187' title='bbox 1123 2463 1259 2492; x_wconf 84' lang='lat' dir='ltr'><strong>tantum</strong></span> <span class='ocrx_word' id='word_1_188' title='bbox 1275 2469 1296 2491; x_wconf 79' lang='lat' dir='ltr'><strong>a</strong></span> <span class='ocrx_word' id='word_1_189' title='bbox 1312 2460 1401 2501; x_wconf 84' lang='lat' dir='ltr'><strong>stylo</strong></span> <span class='ocrx_word' id='word_1_190' title='bbox 1426 2459 1550 2491; x_wconf 84' lang='lat' dir='ltr'><strong>Velleii</strong></span> <span class='ocrx_word' id='word_1_191' title='bbox 1574 2459 1639 2490; x_wconf 91' lang='lat' dir='ltr'><strong>hoc</strong></span> <span class='ocrx_word' id='word_1_192' title='bbox 1662 2457 1834 2501; x_wconf 86' lang='lat' dir='ltr'><strong>fragmen-</strong></span> 
     </span>
     <span class='ocr_line' id='line_1_26' title="bbox 358 2510 1834 2553; baseline 0 -11"><span class='ocrx_word' id='word_1_193' title='bbox 358 2510 439 2552; x_wconf 82' lang='lat' dir='ltr'><strong>quia</strong></span> <span class='ocrx_word' id='word_1_194' title='bbox 454 2511 564 2551; x_wconf 76' lang='lat' dir='ltr'><strong>stylus</strong></span> <span class='ocrx_word' id='word_1_195' title='bbox 583 2510 696 2551; x_wconf 82' lang='lat' dir='ltr'><strong>sapiat</strong></span> <span class='ocrx_word' id='word_1_196' title='bbox 717 2511 920 2552; x_wconf 71' lang='lat' dir='ltr'><strong>scriptorem</strong></span> <span class='ocrx_word' id='word_1_197' title='bbox 938 2511 1068 2552; x_wconf 84' lang='lat' dir='ltr'><strong>aliquot</strong></span> <span class='ocrx_word' id='word_1_198' title='bbox 1124 2516 1197 2543; x_wconf 88' lang='lat' dir='ltr'><strong>tum</strong></span> <span class='ocrx_word' id='word_1_199' title='bbox 1222 2512 1417 2552; x_wconf 77' lang='lat' dir='ltr'><strong>abhorreat,</strong></span> <span class='ocrx_word' id='word_1_200' title='bbox 1441 2511 1602 2553; x_wconf 88' lang='lat' dir='ltr'><strong>equidem</strong></span> <span class='ocrx_word' id='word_1_201' title='bbox 1625 2521 1690 2545; x_wconf 86' lang='lat' dir='ltr'><strong>nec</strong></span> <span class='ocrx_word' id='word_1_202' title='bbox 1707 2510 1834 2543; x_wconf 85' lang='lat' dir='ltr'><strong>docere</strong></span> 
     </span>
     <span class='ocr_line' id='line_1_27' title="bbox 358 2560 1835 2604; baseline 0 -11"><span class='ocrx_word' id='word_1_203' title='bbox 358 2561 494 2594; x_wconf 83' lang='lat' dir='ltr'><strong>saeculis</strong></span> <span class='ocrx_word' id='word_1_204' title='bbox 506 2562 643 2594; x_wconf 84' lang='lat' dir='ltr'><strong>Velleio</strong></span> <span class='ocrx_word' id='word_1_205' title='bbox 650 2561 837 2603; x_wconf 82' lang='lat' dir='ltr'><strong>juniorem,</strong></span> <span class='ocrx_word' id='word_1_206' title='bbox 851 2568 884 2593; x_wconf 84' lang='lat' dir='ltr'><strong>et</strong></span> <span class='ocrx_word' id='word_1_207' title='bbox 895 2563 975 2604; x_wconf 79' lang='lat' dir='ltr'><strong>quia</strong></span> <span class='ocrx_word' id='word_1_208' title='bbox 985 2562 1018 2593; x_wconf 87' lang='lat' dir='ltr'><strong>in</strong></span> <span class='ocrx_word' id='word_1_209' title='bbox 1032 2572 1069 2594; x_wconf 89' lang='lat' dir='ltr'><strong>re</strong></span> <span class='ocrx_word' id='word_1_210' title='bbox 1123 2572 1188 2595; x_wconf 84' lang='lat' dir='ltr'><strong>nec</strong></span> <span class='ocrx_word' id='word_1_211' title='bbox 1213 2563 1339 2595; x_wconf 83' lang='lat' dir='ltr'><strong>sentire</strong></span> <span class='ocrx_word' id='word_1_212' title='bbox 1367 2573 1516 2604; x_wconf 83' lang='lat' dir='ltr'><strong>possum,</strong></span> <span class='ocrx_word' id='word_1_213' title='bbox 1542 2573 1652 2604; x_wconf 86' lang='lat' dir='ltr'><strong>neque</strong></span> <span class='ocrx_word' id='word_1_214' title='bbox 1677 2560 1835 2604; x_wconf 80' lang='lat' dir='ltr'><strong>supposi-</strong></span> 
     </span>
     <span class='ocr_line' id='line_1_28' title="bbox 359 2612 1834 2655; baseline -0.001 -10"><span class='ocrx_word' id='word_1_215' title='bbox 359 2622 427 2645; x_wconf 86' lang='lat' dir='ltr'><strong>uon</strong></span> <span class='ocrx_word' id='word_1_216' title='bbox 444 2623 557 2654; x_wconf 84' lang='lat' dir='ltr'><strong>pauca</strong></span> <span class='ocrx_word' id='word_1_217' title='bbox 584 2612 666 2653; x_wconf 82' lang='lat' dir='ltr'><strong>sint,</strong></span> <span class='ocrx_word' id='word_1_218' title='bbox 682 2613 718 2644; x_wconf 87' lang='lat' dir='ltr'><strong>in</strong></span> <span class='ocrx_word' id='word_1_219' title='bbox 744 2612 866 2654; x_wconf 79' lang='lat' dir='ltr'><strong>quibus</strong></span> <span class='ocrx_word' id='word_1_220' title='bbox 891 2617 1069 2653; x_wconf 78' lang='lat' dir='ltr'><strong>peccetur,</strong></span> <span class='ocrx_word' id='word_1_221' title='bbox 1126 2618 1198 2645; x_wconf 81' lang='lat' dir='ltr'><strong>tum</strong></span> <span class='ocrx_word' id='word_1_222' title='bbox 1215 2618 1352 2655; x_wconf 84' lang='lat' dir='ltr'><strong>putare,</strong></span> <span class='ocrx_word' id='word_1_223' title='bbox 1369 2623 1445 2645; x_wconf 90' lang='lat' dir='ltr'><strong>cum</strong></span> <span class='ocrx_word' id='word_1_224' title='bbox 1461 2614 1542 2655; x_wconf 83' lang='lat' dir='ltr'><strong>quia</strong></span> <span class='ocrx_word' id='word_1_225' title='bbox 1555 2613 1668 2644; x_wconf 84' lang='lat' dir='ltr'><strong>medio</strong></span> <span class='ocrx_word' id='word_1_226' title='bbox 1684 2621 1758 2644; x_wconf 88' lang='lat' dir='ltr'><strong>aevo</strong></span> <span class='ocrx_word' id='word_1_227' title='bbox 1774 2621 1834 2644; x_wconf 83' lang='lat' dir='ltr'><strong>ne-</strong></span> 
     </span>
     <span class='ocr_line' id='line_1_29' title="bbox 361 2662 1836 2706; baseline -0.001 -11"><span class='ocrx_word' id='word_1_228' title='bbox 361 2663 453 2706; x_wconf 88' lang='lat' dir='ltr'><strong>quod</strong></span> <span class='ocrx_word' id='word_1_229' title='bbox 469 2665 608 2696; x_wconf 84' lang='lat' dir='ltr'><strong>Marcus</strong></span> <span class='ocrx_word' id='word_1_230' title='bbox 633 2665 797 2696; x_wconf 87' lang='lat' dir='ltr'><strong>Velserus</strong></span> <span class='ocrx_word' id='word_1_231' title='bbox 821 2664 854 2695; x_wconf 89' lang='lat' dir='ltr'><strong>in</strong></span> <span class='ocrx_word' id='word_1_232' title='bbox 872 2673 984 2695; x_wconf 86' lang='lat' dir='ltr'><strong>rerum</strong></span> <span class='ocrx_word' id='word_1_233' title='bbox 1001 2663 1071 2695; x_wconf 89' lang='lat' dir='ltr'><strong>Au·</strong></span> <span class='ocrx_word' id='word_1_234' title='bbox 1125 2674 1180 2696; x_wconf 88' lang='lat' dir='ltr'><strong>mo</strong></span> <span class='ocrx_word' id='word_1_235' title='bbox 1196 2674 1292 2705; x_wconf 86' lang='lat' dir='ltr'><strong>sane,</strong></span> <span class='ocrx_word' id='word_1_236' title='bbox 1309 2665 1388 2696; x_wconf 88' lang='lat' dir='ltr'><strong>dum</strong></span> <span class='ocrx_word' id='word_1_237' title='bbox 1400 2664 1554 2695; x_wconf 88' lang='lat' dir='ltr'><strong>Velleius</strong></span> <span class='ocrx_word' id='word_1_238' title='bbox 1566 2673 1704 2705; x_wconf 79' lang='lat' dir='ltr'><strong>prorsus</strong></span> <span class='ocrx_word' id='word_1_239' title='bbox 1717 2662 1836 2705; x_wconf 85' lang='lat' dir='ltr'><strong>incog-</strong></span> 
     </span>
     <span class='ocr_line' id='line_1_30' title="bbox 358 2713 1835 2755; baseline 0.001 -10"><span class='ocrx_word' id='word_1_240' title='bbox 358 2719 581 2755; x_wconf 81' lang='lat' dir='ltr'><strong>gustanarum</strong></span> <span class='ocrx_word' id='word_1_241' title='bbox 590 2714 850 2746; x_wconf 85' lang='lat' dir='ltr'><strong>Vindelicarum</strong></span> <span class='ocrx_word' id='word_1_242' title='bbox 860 2713 1071 2745; x_wconf 78' lang='lat' dir='ltr'><strong>demonstra·</strong></span> <span class='ocrx_word' id='word_1_243' title='bbox 1126 2715 1217 2746; x_wconf 81' lang='lat' dir='ltr'><strong>nitus</strong></span> <span class='ocrx_word' id='word_1_244' title='bbox 1229 2719 1317 2752; x_wconf 86' lang='lat' dir='ltr'><strong>erat,</strong></span> <span class='ocrx_word' id='word_1_245' title='bbox 1331 2714 1396 2745; x_wconf 85' lang='lat' dir='ltr'><strong>sibi</strong></span> <span class='ocrx_word' id='word_1_246' title='bbox 1410 2723 1604 2755; x_wconf 80' lang='lat' dir='ltr'><strong>proponere</strong></span> <span class='ocrx_word' id='word_1_247' title='bbox 1619 2713 1733 2754; x_wconf 86' lang='lat' dir='ltr'><strong>potuit</strong></span> <span class='ocrx_word' id='word_1_248' title='bbox 1752 2713 1835 2746; x_wconf 71' lang='lat' dir='ltr'><strong>Vel·</strong></span> 
     </span>
     <span class='ocr_line' id='line_1_31' title="bbox 360 2759 1836 2808; baseline -0.001 -12"><span class='ocrx_word' id='word_1_249' title='bbox 360 2759 489 2804; x_wconf 61' lang='lat' dir='ltr'><strong>visset3</strong></span> <span class='ocrx_word' id='word_1_250' title='bbox 529 2771 699 2806; x_wconf 80' lang='lat' dir='ltr'><strong>praeterea</strong></span> <span class='ocrx_word' id='word_1_251' title='bbox 724 2770 857 2807; x_wconf 81' lang='lat' dir='ltr'><strong>narrat,</strong></span> <span class='ocrx_word' id='word_1_252' title='bbox 885 2765 949 2798; x_wconf 87' lang='lat' dir='ltr'><strong>hoc</strong></span> <span class='ocrx_word' id='word_1_253' title='bbox 980 2764 1072 2806; x_wconf 85' lang='lat' dir='ltr'><strong>frag·</strong></span> <span class='ocrx_word' id='word_1_254' title='bbox 1126 2765 1191 2797; x_wconf 84' lang='lat' dir='ltr'><strong>leio</strong></span> <span class='ocrx_word' id='word_1_255' title='bbox 1207 2764 1332 2808; x_wconf 84' lang='lat' dir='ltr'><strong>aliquid</strong></span> <span class='ocrx_word' id='word_1_256' title='bbox 1359 2763 1536 2806; x_wconf 83' lang='lat' dir='ltr'><strong>affingere,</strong></span> <span class='ocrx_word' id='word_1_257' title='bbox 1562 2769 1635 2795; x_wconf 91' lang='lat' dir='ltr'><strong>tum</strong></span> <span class='ocrx_word' id='word_1_258' title='bbox 1662 2764 1744 2806; x_wconf 80' lang='lat' dir='ltr'><strong>quia</strong></span> <span class='ocrx_word' id='word_1_259' title='bbox 1758 2773 1836 2796; x_wconf 86' lang='lat' dir='ltr'><strong>nar-</strong></span> 
     </span>
     <span class='ocr_line' id='line_1_32' title="bbox 361 2815 1834 2860; baseline 0.001 -13"><span class='ocrx_word' id='word_1_260' title='bbox 361 2819 515 2847; x_wconf 82' lang='lat' dir='ltr'><strong>mentum</strong></span> <span class='ocrx_word' id='word_1_261' title='bbox 531 2816 635 2847; x_wconf 84' lang='lat' dir='ltr'><strong>etiam</strong></span> <span class='ocrx_word' id='word_1_262' title='bbox 657 2826 842 2848; x_wconf 85' lang='lat' dir='ltr'><strong>occurrere</strong></span> <span class='ocrx_word' id='word_1_263' title='bbox 861 2816 953 2859; x_wconf 86' lang='lat' dir='ltr'><strong>apud</strong></span> <span class='ocrx_word' id='word_1_264' title='bbox 968 2816 1071 2849; x_wconf 84' lang='lat' dir='ltr'><strong>conr.</strong></span> <span class='ocrx_word' id='word_1_265' title='bbox 1127 2817 1230 2858; x_wconf 83' lang='lat' dir='ltr'><strong>ratio,</strong></span> <span class='ocrx_word' id='word_1_266' title='bbox 1270 2826 1463 2860; x_wconf 82' lang='lat' dir='ltr'><strong>quanquam</strong></span> <span class='ocrx_word' id='word_1_267' title='bbox 1493 2815 1547 2846; x_wconf 82' lang='lat' dir='ltr'><strong>hic</strong></span> <span class='ocrx_word' id='word_1_268' title='bbox 1577 2815 1625 2847; x_wconf 89' lang='lat' dir='ltr'><strong>ibi</strong></span> <span class='ocrx_word' id='word_1_269' title='bbox 1654 2819 1834 2858; x_wconf 82' lang='lat' dir='ltr'><strong>corrupta,</strong></span> 
     </span>
     <span class='ocr_line' id='line_1_33' title="bbox 363 2863 1604 2909; baseline 0 -12"><span class='ocrx_word' id='word_1_270' title='bbox 363 2865 408 2897; x_wconf 89' lang='lat' dir='ltr'><strong>de</strong></span> <span class='ocrx_word' id='word_1_271' title='bbox 431 2865 632 2908; x_wconf 66' lang='lat' dir='ltr'><strong>Licfflenau,</strong></span> <span class='ocrx_word' id='word_1_272' title='bbox 657 2866 820 2900; x_wconf 81' lang='lat' dir='ltr'><strong>abbatem</strong></span> <span class='ocrx_word' id='word_1_273' title='bbox 845 2867 1074 2909; x_wconf 84' lang='lat' dir='ltr'><strong>Urlspergen-</strong></span> <span class='ocrx_word' id='word_1_274' title='bbox 1126 2866 1217 2900; x_wconf 78' lang='lat' dir='ltr'><strong>fictae</strong></span> <span class='ocrx_word' id='word_1_275' title='bbox 1235 2871 1334 2899; x_wconf 79' lang='lat' dir='ltr'><strong>notas</strong></span> <span class='ocrx_word' id='word_1_276' title='bbox 1349 2866 1459 2898; x_wconf 81' lang='lat' dir='ltr'><strong>nullas</strong></span> <span class='ocrx_word' id='word_1_277' title='bbox 1475 2863 1604 2908; x_wconf 86' lang='lat' dir='ltr'><strong>prodit.</strong></span> 
     </span>
    </p>
   </div>
   <div class='ocr_carea' id='block_1_7' title="bbox 1972 310 1996 442">
    <p class='ocr_par' dir='ltr' id='par_1_7' title="bbox 1972 310 1997 442">
     <span class='ocr_line' id='line_1_34' title="bbox 1972 310 1996 442; textangle 90"><span class='ocrx_word' id='word_1_278' title='bbox 1972 310 1996 442; x_wconf 46' lang='lat' dir='ltr'><strong>ww*</strong></span> 
     </span>
    </p>
   </div>
   <div class='ocr_carea' id='block_1_8' title="bbox 1974 444 1999 865">
    <p class='ocr_par' dir='ltr' id='par_1_8' title="bbox 1974 444 1999 865">
     <span class='ocr_line' id='line_1_35' title="bbox 1974 444 1999 865; textangle 90"><span class='ocrx_word' id='word_1_279' title='bbox 1988 859 1995 865; x_wconf 53' lang='lat'><strong>1</strong></span> <span class='ocrx_word' id='word_1_280' title='bbox 1977 771 1999 855; x_wconf 49' lang='grc' dir='ltr'><strong>»πρ-ινιςρῠἓ</strong></span> <span class='ocrx_word' id='word_1_281' title='bbox 1982 763 1986 767; x_wconf 90' lang='grc'><em>·</em></span> <span class='ocrx_word' id='word_1_282' title='bbox 1974 599 1999 755; x_wconf 31' lang='lat' dir='ltr'><strong>&amp;fa-&amp;Q</strong></span> <span class='ocrx_word' id='word_1_283' title='bbox 1984 590 1987 595; x_wconf 83' lang='grc'><em>·</em></span> <span class='ocrx_word' id='word_1_284' title='bbox 1992 579 1997 586; x_wconf 25' lang='grc' dir='ltr'>Κ</span> <span class='ocrx_word' id='word_1_285' title='bbox 1979 511 1998 563; x_wconf 50' lang='grc' dir='ltr'><strong>σῆς-ψ(</strong></span> <span class='ocrx_word' id='word_1_286' title='bbox 1979 478 1997 507; x_wconf 52' lang='grc' dir='ltr'><strong>’ἦ</strong></span> <span class='ocrx_word' id='word_1_287' title='bbox 1981 468 1987 471; x_wconf 87' lang='grc'><em>·</em></span> <span class='ocrx_word' id='word_1_288' title='bbox 1982 444 1995 464; x_wconf 58' lang='grc' dir='ltr'><strong>,τι</strong></span> 
     </span>
    </p>
   </div>
  </div>
 </body>
</html>
