2008 3210
593 224 635 256 c.
671 221 875 257 vnum
906 218 1219 254 unacum.
1559 209 1648 255 501

227 324 299 370 De
332 323 628 369 Bibliothecis
668 323 944 367 Britannicis
982 322 1114 378 igitur
1146 321 1257 365 nihil
1292 319 1369 365 hic
1405 320 1648 365 dicendum

168 398 333 446 manet,
349 394 456 450 quia
473 393 626 450 plutei
634 406 789 436 earum
808 392 980 435 nullum
999 391 1169 435 Velleii
1181 389 1385 435 codicem
1406 390 1650 443 continent,

166 466 332 518 praeter
347 466 564 519 excerpta
581 462 788 518 quaedam
808 474 950 505 manu
967 460 1198 517 exscripta
1217 473 1279 503 ex
1296 459 1415 502 libro
1430 459 1651 515 impresso

167 531 304 584 (utin
324 531 517 575 Publica
536 530 783 575 Universit.
803 529 995 573 Cantab.
1017 526 1337 584 Bibliotheca),
1371 531 1450 572 aut
1479 540 1652 584 paucas
1688 553 1692 557 ·

168 600 352 643 notulas
374 599 491 643 Mss.
517 599 844 643 emendatorias
876 597 953 656 (ut
982 599 1030 642 in
1050 597 1215 642 Museo
1237 597 1520 651 Britannico)
1549 610 1649 641 cur·

171 667 259 710 sim
284 667 400 711 libro
421 668 640 724 impresso
658 667 939 724 interjectas.

228 735 365 789 Quod
401 736 460 779 ad
491 736 709 780 editiones
742 736 951 791 pertinet,
986 747 1138 791 pauca
1160 737 1339 778 manent
1357 733 1653 790 subjicienda.

172 803 294 848 Haec
313 818 461 861 pauca
481 805 525 847 in
544 805 707 860 paucis
724 807 991 860 sequuntur.

230 873 544 928 Fragmentum
570 873 628 916 de
647 872 836 917 victoria
867 872 1119 916 Suevorum
1153 872 1198 915 in
1232 871 1466 916 Romanos
1492 885 1541 927 p.
1571 872 1646 914 20.

172 942 352 985 Suevic.
375 941 496 984 Rer.
531 941 749 997 Scriptor.
788 953 869 997 per
901 939 1170 985 Goldastum
1203 939 1363 984 Franc.
1395 940 1525 984 1605.
1547 939 1656 983 Bib-

171 1010 297 1054 lioth.
319 1010 454 1053 Bodl.

230 1078 283 1122 C.
305 1078 365 1122 V.
384 1079 615 1122 Paterculi
637 1079 761 1123 Hist.
777 1081 859 1123 διο.
882 1078 1032 1122 24ωο.
1064 1077 1210 1122 Amst.
1233 1078 1363 1123 1625.

231 1148 369 1192 Notae
390 1148 435 1191 in
458 1148 509 1191 C.
530 1147 758 1191 Velleium
778 1147 1082 1198 Paterculum,
1103 1146 1207 1191 Svo.
1230 1147 1374 1203 Lugd.
1398 1147 1502 1191 Bat.
1522 1147 1654 1191 1660.

230 1216 384 1260 Editio
404 1230 508 1261 cum
539 1217 660 1260 notis
678 1216 916 1260 Variorum
938 1229 1019 1272 per
1046 1215 1104 1259 A.
1126 1215 1360 1272 Thysium‚
1381 1217 1486 1260 Svo.
1509 1217 1655 1272 Lugd.

175 1286 275 1331 Bat.
296 1285 424 1329 1653.
454 1286 645 1341 repetita
678 1284 820 1339 Lugd.
841 1285 947 1327 Bat.
978 1288 1023 1327 et
1050 1283 1272 1329 Roterod.
1294 1298 1336 1329 a.
1357 1286 1486 1329 1663.
1506 1285 1578 1343 (ut
1607 1286 1655 1328 in

173 1353 329 1411 titulo)
342 1367 402 1398 ex
423 1353 541 1397 offic.
563 1352 824 1396 Hackiana.
873 1352 1167 1395 Dedicationi
1187 1354 1494 1409 subjungitur:
1527 1357 1541 1377 ‘
1561 1354 1655 1397 Da·

172 1426 333 1468 bamus
354 1422 496 1478 Lugd.
517 1423 618 1466 Bat.
635 1422 751 1478 ipsis
772 1421 933 1464 Idibus
949 1421 1063 1464 Dec.
1081 1421 1225 1464 1667:
1276 1422 1400 1465 Hinc
1419 1420 1655 1466 Fabricius

176 1505 342 1536 annum
378 1492 486 1535 huic
507 1490 578 1535 ed.
599 1490 738 1546 affigit
768 1489 901 1533 1667.
964 1487 1205 1541 KrausiuS‚
1234 1490 1364 1546 quus
1395 1489 1655 1534 Editionum

176 1562 435 1605 Recensum
466 1559 743 1615 Bipontinus
760 1558 910 1602 editor
927 1557 1119 1611 recudit,
1150 1559 1280 1603 1668.
1333 1558 1438 1602 Una
1473 1558 1654 1616 quidem

175 1634 310 1687 atque
330 1628 490 1672 eadem
509 1628 651 1671 editio
670 1632 757 1672 est.
818 1626 910 1671 Sed
940 1639 1027 1670 nec
1064 1627 1300 1671 Fabricius
1318 1641 1400 1671 nec
1423 1626 1655 1671 Krausius

174 1702 298 1743 notat
316 1698 424 1741 edit.
443 1696 590 1748 1659„
609 1710 711 1752 quae
727 1697 867 1740 multo
888 1697 1141 1740 accuratior
1157 1701 1228 1740 est
1242 1709 1378 1753 quam
1399 1696 1505 1740 edit.
1524 1695 1656 1740 1667.

236 1766 290 1810 C.
324 1766 383 1810 V.
414 1765 644 1810 Paterculi
681 1765 802 1808 Hist.
832 1766 913 1808 διο.
943 1778 1001 1808 ex
1035 1765 1294 1808 recensione
1328 1764 1435 1808 Nic.
1470 1764 1656 1808 Heinsii

175 1836 322 1880 12mo.
354 1834 499 1879 Amst.
528 1834 659 1878 1678.
690 1848 716 1877 a
740 1833 941 1877 Krausio
962 1846 1048 1877 suo
1068 1834 1173 1878 loco
1210 1847 1349 1890 supra
1374 1837 1547 1886 notata,
1581 1833 1656 1877 hic

176 1907 336 1949 iterum
364 1903 574 1955 notanda,
596 1904 772 1959 quippe
796 1903 1027 1959 exemplar
1045 1902 1180 1960 huJus
1193 1902 1405 1946 editionis
1424 1903 1470 1946 in
1492 1902 1656 1947 Museo

179 1975 351 2019 Britan.
374 1974 431 2017 cl.
450 1973 641 2017 Bentleii
661 1972 844 2015 notulas
863 1973 1063 2016 continet
1081 1971 1423 2015 emendatorias.

236 2043 290 2087 C.
310 2043 369 2086 V.
396 2041 619 2085 Paterculi
638 2041 763 2084 Hist.
783 2042 866 2085 Sto.
896 2055 956 2084 ex
976 2041 1238 2084 recensione
1261 2040 1378 2084 Dav.
1400 2039 1658 2084 Ruhnkenii

180 2112 348 2170 prodiit
366 2109 586 2155 Roterod.
617 2109 748 2153 1804.
780 2109 930 2152 12mo.

237 2181 291 2225 C.
312 2179 373 2225 V.
395 2179 627 2224 Paterculi
646 2191 750 2235 quoe
772 2181 1012 2235 supersunt
1031 2190 1089 2221 ex
1111 2176 1318 2222 Historia
1339 2176 1474 2221 Rom.
1508 2178 1659 2223 Libris

182 2261 236 2294 ιι.
266 2248 464 2293 Vindob.
495 2247 624 2292 1807.
654 2246 759 2290 Svo.

238 2317 426 2362 Krausii
445 2317 633 2362 multum
651 2317 846 2374 probata
864 2316 1007 2360 editio
1027 2315 1200 2372 prodiit
1214 2316 1369 2360 iterum
1389 2314 1514 2372 Lips.
1530 2315 1660 2360 1808.

178 2387 282 2431 8vo.
304 2385 411 2442 maj.

239 2454 500 2498 Lectionum
520 2452 854 2497 Velleianarum
888 2453 1128 2511 Specimen
1158 2450 1301 2497 edidit
1326 2451 1374 2497 J.
1402 2452 1452 2495 S.
1485 2451 1658 2496 Roseu-

180 2525 311 2581 heyn.
341 2521 536 2566 Berolin.
555 2521 995 2579 1810.—Perpaucae
1014 2521 1170 2564 harum
1190 2521 1542 2578 conjecturarum
1555 2521 1661 2585 ⁴plu-

99 2641 108 2649 ‘
181 2594 371 2635 cuemnt
390 2590 559 2633 criticis
579 2589 877 2633 Germanicis.

237 2660 290 2704 C.
306 2659 366 2703 V.
391 2658 613 2703 Paterculi
637 2658 762 2702 Hist.
781 2660 860 2703 διο.
879 2657 1071 2716 Anglice
1091 2670 1222 2702 versa
1240 2669 1267 2701 a
1288 2655 1345 2701 G.
1366 2656 1532 2711 Baker,
1553 2657 1659 2703 8vo.

183 2729 324 2773 hond.
357 2728 484 2772 1814.

241 2798 295 2842 0.
318 2797 376 2842 V.
398 2796 627 2842 Paterculi
659 2794 779 2839 Hist.
817 2794 952 2840 Rom.
976 2794 1102 2839 Libri
1128 2805 1179 2838 ιι.
1240 2794 1390 2839 Textu
1420 2795 1660 2853 recognito,
