2008 3210
346 283 367 326 1
989 292 1180 335 inflex.

347 395 478 428 Factum
493 394 649 439 (facinus)
672 394 694 433 i,
711 397 742 427 1.
765 393 801 433 ii,
813 397 867 428 66.
882 397 925 428 58

346 436 492 471 Facultas
517 440 592 471 data
616 437 742 483 (venia)
764 438 799 476 ii,
822 441 885 472 107
934 437 1055 482 (potes-

391 488 438 513 tas
479 482 513 521 ii,
529 486 572 515 32

348 482 490 558 Fallei?e:
518 525 631 557 fefellit
651 536 705 557 eos
727 525 975 567 quinquennium
991 524 1056 568 (er-

388 574 490 600 ratum
505 571 545 601 ab
561 569 597 600 iis
623 574 670 600 est
693 569 775 600 circa
791 567 1057 611 quinquennium)

392 611 414 643 ii
443 615 485 645 53
973 622 987 633 .

349 636 446 687 Fam'a
459 655 599 705 vulgavit
620 655 654 693 ii,
669 657 732 688 102
755 654 893 697 loquitur
916 654 949 692 ii,
961 657 982 687 9

349 699 461 730 Fames
475 696 642 730 exitiabilis
665 698 699 736 ii,
714 701 777 730 112

349 742 501 773 Familia:
530 752 609 783 quos
635 742 667 772 in
689 742 808 772 familia
829 741 998 773 retinuerat
1023 740 1060 771 li-

394 786 483 816 beros
521 785 569 828 (in
592 785 795 827 adoptionem
817 795 881 815 non
906 785 995 815 dati:
1020 784 1060 815 cf.

395 827 510 870 Domi)
547 829 570 865 i,
603 832 643 860 10
689 828 722 859 in
752 828 901 859 familiam
931 826 1062 859 Acidini

394 871 511 903 Manlii
536 873 628 902 datus
650 871 684 909 ii,
711 874 732 904 8
765 869 882 902 familia
906 870 1062 913 (servitia)

395 915 430 951 ii,
440 919 480 947 91

352 958 517 990 Familiare
543 963 591 990 est
619 957 796 990 hominibus
824 956 926 1000 (mos)
959 956 994 994 ii,
1020 959 1063 989 30

397 1001 554 1033 familiaris
567 1001 708 1044 (suetus)
729 1001 764 1038 ii.
781 1004 844 1034 110

354 1043 470 1078 Fasces
490 1046 668 1076 consulares
683 1045 836 1086 corripere
859 1044 892 1081 ii,
913 1046 956 1077 58
989 1043 1063 1074 sub-

399 1089 550 1120 miserunt
563 1088 687 1120 Tiberio
710 1088 764 1131 (ut
777 1087 966 1129 superiorem
981 1086 1064 1118 salu-

394 1131 517 1174 tarunt)
539 1132 572 1166 ii,
589 1135 633 1164 99

354 1174 506 1206 Fastidire
531 1175 618 1215 (cum
649 1174 743 1206 taedio
776 1172 937 1216 spernere)
965 1174 999 1211 ii,
1023 1176 1063 1206 15

397 1218 490 1250 oflicii
503 1218 655 1260 collegam
672 1217 851 1261 (respuere)
873 1218 907 1254 ii,
923 1220 965 1250 77

355 1260 527 1303 Fastigium
545 1261 715 1304 principale
730 1261 761 1292 in
776 1272 842 1303 rep.
857 1260 986 1304 (summi
1002 1270 1066 1291 ma-

398 1305 581 1356 gistratuum
593 1310 627 1337 et
641 1305 789 1347 triumphi
803 1302 953 1346 honores)
975 1304 997 1341 i,
1013 1306 1066 1336 11.

397 1348 433 1386 li,
450 1351 514 1381 128
536 1349 595 1390 (cf.
621 1348 765 1382 Efferre).
790 1347 953 1380 consulare
974 1347 1009 1385 ii,
1023 1349 1067 1379 69

399 1391 459 1431 (cf.
475 1392 660 1428 Provehere,
683 1391 731 1423 vel
742 1390 1003 1428 Extraordinaria,
1034 1390 1067 1427 ii,

396 1436 475 1479 βυ).
518 1435 551 1465 in
581 1435 721 1466 eminens
757 1439 791 1466 et
826 1438 932 1465 nostro
969 1433 1068 1475 impe-

399 1477 446 1509 rio
461 1478 634 1510 timendum
660 1477 806 1520 perduxit
829 1477 994 1519 imperium
1019 1486 1069 1507 su-

400 1531 453 1552 um
489 1521 563 1564 (sci.
592 1531 688 1563 opum
717 1526 750 1551 et
773 1519 900 1562 virium)
936 1520 970 1556 ii,
996 1522 1069 1552 109.

396 1568 457 1597 15.
494 1568 535 1597 65
590 1564 711 1605 imperii
739 1563 781 1594 R.
804 1563 916 1594 molem
942 1564 974 1594 in
1005 1573 1070 1593 am-

401 1607 575 1650 plissimum
591 1607 673 1638 orbis
689 1611 836 1638 terrarum
852 1606 1008 1648 fastigium
1023 1608 1070 1648 (o.

402 1655 426 1682 t.
450 1661 602 1682 summam
623 1648 878 1692 amplitudinem)
903 1649 1014 1680 extulit
1037 1649 1070 1686 ii,

359 1737 439 1769 Fata
449 1737 617 1768 obstabant
630 1735 767 1768 consiliis
790 1736 822 1774 ii,
835 1738 898 1768 118
921 1736 946 1768 si
962 1746 1072 1778 posce·

404 1785 476 1812 rent
497 1780 532 1820 ii,
548 1783 609 1812 123
642 1779 777 1811 fatorum
802 1780 1011 1812 ineluctabilis
1026 1780 1073 1810 vis

406 1824 442 1861 ii,
457 1826 499 1856 57
523 1823 672 1865 iniquitas
694 1823 728 1861 ii,
743 1826 786 1856 97
821 1823 886 1854 fata
901 1823 1016 1866 (mors)
1039 1823 1073 1860 ii,

363 1909 480 1941 'Fatalis
495 1920 576 1941 mors
592 1908 776 1952 (naturalis)
799 1909 834 1947 ii,
844 1911 876 1941 4.
891 1911 934 1941 49
971 1909 1074 1940 fatalis

402 1953 541 1984 victoriae
571 1964 636 1984 suae
661 1953 823 1984 Thessalia
855 1953 888 1994 ii,
904 1956 947 1985 52
989 1953 1072 1996 (fato

404 1997 561 2028 destinata
574 1996 634 2027 sibi
647 1997 687 2027 ad
702 1995 911 2037 vincendum)

360 2040 526 2071 fatentem
541 2040 622 2082 (non
634 2039 819 2082 negantem)
831 2043 950 2081 arguet,
965 2038 990 2070 si
1006 2038 1075 2081 quis

405 2083 502 2121 dicet,
516 2093 564 2114 me
579 2087 640 2115 cet.
655 2083 689 2120 ii,
706 2085 770 2115 116

361 2125 509 2168 Fatigant
520 2125 700 2168 scriptorem
712 2130 760 2157 tot
769 2136 863 2167 opera
889 2124 1074 2168 (antequam

406 2170 559 2207 absolvat,
585 2170 663 2201 vires
687 2169 716 2200 ei
746 2168 936 2211 infringunt)
973 2169 1008 2205 ii,
1033 2171 1076 2200 89

402 2213 464 2256 (cf.
493 2213 528 2250 ii,
556 2213 627 2254 34).
666 2212 765 2243 veluti
793 2212 925 2254 fatigata
951 2210 1076 2243 fortuna

407 2257 519 2300 (quam
535 2257 632 2287 taedet
646 2255 752 2287 auxilii
775 2254 961 2298 praestandi)
983 2255 1018 2293 ii,
1033 2258 1076 2287 69

364 2300 466 2332 Favor
478 2299 612 2341 partium
627 2299 696 2341 ejus
719 2298 893 2341 (studium)
907 2298 940 2335 ii,
952 2302 995 2331 54
1018 2298 1076 2341 (cs.

406 2343 442 2380 ii,
457 2341 526 2384 26).
550 2342 650 2384 major
661 2342 795 2374 civitatis
806 2342 839 2372 in
854 2352 905 2379 eo,
921 2352 1014 2383 quam
1030 2352 1077 2373 re·

406 2386 434 2417 is
451 2386 589 2428 praestari
610 2385 690 2417 solet
723 2385 758 2423 ii,
772 2387 814 2417 43
849 2385 955 2416 favore
977 2385 1077 2416 omni-

409 2440 462 2461 um
489 2430 650 2462 homiuum
675 2434 826 2470 exceptus
863 2428 1010 2471 (plausu)
1043 2428 1078 2465 ii,

407 2476 451 2508 89
473 2472 579 2504 favore
604 2471 715 2514 populi
727 2471 862 2504 collecto
885 2471 918 2509 ii,
933 2474 974 2504 91
998 2471 1079 2513 pub-

409 2515 473 2547 lico
489 2516 603 2547 florens
624 2515 658 2552 ii,
674 2518 717 2548 92

365 2559 561 2592 Favorabilis
585 2559 702 2590 reditus
734 2558 767 2595 ii,
783 2560 826 2591 40
859 2556 1023 2599 triumphis
1045 2557 1080 2595 ii,

412 2605 455 2636 34
479 2603 602 2646 (gratus
612 2599 841 2643 acceptusque)

365 2644 431 2678 Fax
457 2645 531 2677 belli
548 2644 691 2689 (auctor)
714 2644 746 2681 ii,
762 2647 805 2676 25
843 2654 907 2675 non
923 2643 1001 2675 alius
1016 2654 1081 2675 ma-

405 2689 511 2732 jorem
526 2689 819 2731 flagrantioremque
834 2686 969 2729 subjecit
981 2688 1081 2719 facem

412 2733 497 2765 bello
535 2732 620 2764 civili
646 2730 880 2775 (vehementius
920 2730 1082 2774 excitavit)

410 2775 448 2815 ii,
462 2778 506 2816 48
788 2772 794 2777 ”

368 2816 456 2849 Felix
479 2818 647 2860 (opinione
671 2816 744 2860 sua)
765 2817 845 2849 malo
861 2828 918 2848 sno
941 2817 964 2854 i,
979 2820 1000 2848 6
1022 2816 1082 2859 (cf.

408 2860 566 2903 Malum).
592 2861 720 2893 foemina
736 2861 815 2892 uteri
828 2871 929 2902 neque
945 2860 1004 2891 sibi
1027 2870 1082 2891 ne-

1173 403 1212 426 ue
1237 391 1314 478 re3p.
1329 391 1429 424 felicis
1443 389 1618 435 (salutaris)
1639 390 1674 429 ii,
1689 391 1731 424 98
1753 388 1813 435 (d.

1183 441 1266 468 terus
1786 448 1792 459 ι

1106 480 1192 513 Ferae
1208 478 1375 522 provinciae
1396 478 1431 516 ii.
1446 482 1490 512 90

1106 524 1224 556 Feritas
1254 522 1374 574 hostilia
1404 522 1439 559 ii.
1459 524 1534 555 119.
1557 523 1622 554 106
1636 563 1655 572 ..
1666 519 1724 565 (cf.
1754 519 1815 554 Fe·

1107 565 1230 640 reii’ss‘g‘
1238 566 1376 646 ifeari‘ifss
1388 570 1613 646 ῗὲῗεῖῑῖῗὲῗ
1622 575 1674 650 <¹0¹3
1684 568 1816 649 ssffuzm)

1108 653 1225 684 Ferox:
1257 662 1333 694 gens
1346 652 1441 684 etiam
1464 651 1621 684 Germana
1634 651 1755 682 feritate
1770 649 1817 682 fe-

1153 696 1252 727 rocior
1266 698 1375 739 (quam
1387 694 1613 726 Germanorum
1623 694 1727 726 feritas
1739 693 1816 736 fert)

1153 739 1188 776 ii,
1207 742 1269 772 106

1110 781 1222 814 Ferre:
1246 781 1395 819 cuniculi,
1410 781 1463 823 qui
1479 781 1510 812 in
1526 781 1662 812 diversa·
1675 790 1818 823 agrorum

1154 830 1258 868 partes
1282 826 1386 858 ferunt
1407 825 1484 863 (acti
1505 823 1594 866 sunt)
1616 824 1704 862 ii‚2⁴1
1738 823 1818 856 fere-

1155 870 1211 900 bat
1236 879 1268 901 se
1284 869 1376 911 regiae
1390 868 1493 909 stirpis
1513 874 1608 905 (esse,
1623 866 1818 899 circumfere-

1155 912 1225 955 bat)
1247 912 1270 948 i.
1288 914 1326 944 11
1351 915 1541 943 conservatae
1561 911 1670 951 patrie
1685 909 1818 951 pretium

1154 954 1475 988 calamitatemexilii
1501 953 1574 985 tulit
1611 952 1750 994 (retulit)
1783 953 1823 991 ii,

1156 1001 1197 1030 45
1222 998 1279 1040 (cf.
1295 999 1329 1035 ii,
1344 1000 1399 1031 52.
1418 996 1507 1039 125).
1533 1001 1570 1028 ut
1588 996 1682 1028 ferret
1692 1001 1819 1028 senatus

1155 1040 1279 1073 illorum
1300 1041 1429 1084 gloriam
1453 1040 1607 1072 modicam
1640 1038 1820 1082 (toleraret)

1155 1085 1191 1122 ii,
1208 1088 1248 1118 13
1273 1095 1372 1116 aevum
1389 1083 1461 1116 tulit
1471 1083 1634 1116 historicos
1657 1081 1822 1126 (protulit)

1156 1127 1179 1165 i,
1195 1131 1237 1160 17

1113 1170 1276 1203 Festinans
1299 1171 1459 1214 (scriptor,
1474 1170 1530 1214 qui
1543 1180 1591 1202 res
1605 1169 1738 1202 breviter
1752 1179 1823 1211 per·

1157 1214 1268 1253 currit)
1290 1216 1324 1252 ii,
1338 1218 1392 1248 41.
1409 1217 1471 1247 124

1114 1257 1286 1290 Festinatio
1308 1259 1330 1295 i,
1342 1261 1394 1291 16.
1415 1258 1449 1295 ii,
1467 1260 1530 1291 108

1115 1301 1329 1333 Fidelissimus
1345 1302 1377 1333 in
1389 1300 1621 1333 reconcilianda
1631 1298 1729 1342 gratia
1751 1298 1824 1342 (qui

1159 1345 1278 1388 optima
1302 1345 1365 1376 fide
1387 1343 1671 1377 reconciliationem
1695 1353 1760 1374 non
1782 1342 1825 1374 si-

1160 1389 1307 1420 mulatam
1323 1387 1412 1430 iniit)
1432 1388 1465 1425 ii,
1477 1390 1521 1420 29

1117 1431 1211 1464 Fides
1236 1436 1321 1463 certa
1343 1430 1585 1463 Atheniensium
1613 1430 1647 1461 in
1661 1429 1824 1461 Romanos

1161 1475 1196 1512 ii,
1210 1478 1253 1508 23
1276 1474 1427 1517 quicquid
1443 1474 1562 1506 sincera
1576 1473 1639 1504 fide
1659 1477 1826 1515 gereretur,

1161 1518 1193 1549 id
1211 1517 1362 1555 Romani,
1386 1518 1493 1549 Attica
1516 1517 1595 1554 fieri,
1618 1516 1829 1558 praedicarunt

1162 1561 1196 1598 ii,
1207 1564 1249 1593 23
1273 1561 1367 1592 fidem
1384 1561 1465 1592 bello
1501 1560 1621 1591 raestitit
1634 1560 1669 1596 ii,
1681 1562 1722 1592 16
1736 1568 1826 1590 sano-

1164 1604 1310 1636 tissimam
1334 1604 1367 1641 ii,
1387 1607 1427 1636 18
1520 1603 1585 1634 odii
1600 1603 1662 1634 fide
1688 1602 1785 1634 dubia
1804 1601 1828 1638 i,

1164 1651 1197 1679 9.
1228 1648 1262 1685 ii,
1277 1650 1320 1680 63
1353 1647 1427 1679 fidei
1453 1657 1552 1688 capax
1576 1646 1780 1689 (praestandae
1794 1644 1828 1675 in

1165 1689 1320 1723 Caesarem
1351 1690 1424 1732 par)
1457 1691 1491 1727 ii,
1518 1692 1579 1722 127
1617 1689 1680 1720 fide
1708 1688 1828 1726 melior,

1165 1744 1260 1776 quam
1299 1734 1429 1766 consilio
1460 1732 1642 1775 prudentior
1677 1731 1829 1775 (fidelior,

1166 1788 1260 1819 quam
1274 1776 1473 1819 prudentior)
1485 1777 1519 1814 ii,
1534 1779 1576 1808 50
1592 1775 1717 1807 fortuna
1731 1779 1832 1807 mutat

1162 1821 1260 1852 fidem
1286 1820 1456 1863 (convertit
1480 1820 1513 1850 in
1530 1818 1708 1862 perfidiam)
1735 1818 1770 1856 ii,
1785 1820 1840 1851 68·

1166 1864 1245 1895 fides
1268 1864 1301 1895 in
1315 1864 1416 1894 forum
1432 1867 1573 1895 revocata
1603 1861 1729 1905 (religio
1741 1861 1831 1904 judi-

1164 1908 1252 1948 cum)
1266 1908 1300 1944 ii,
1312 1910 1375 1940 126
1391 1907 1484 1938 fidem
1496 1906 1709 1939 descendendi
1724 1905 1757 1936 in
1769 1905 1833 1937 Ca-

1166 1951 1312 1993 pitolium
1337 1956 1406 1982 tuto
1435 1949 1685 1981 interfectoribus
1700 1948 1832 1982 caesaris

1169 1995 1259 2025 dedit
1275 1992 1495 2037 (promissum)
1517 1993 1616 2029 ii,68.
1628 1995 1683 2025 87.
1694 1995 1739 2025 76
1760 2001 1833 2034 pro-

1168 2037 1269 2069 missae
1294 2036 1451 2069 brevitatis
1475 2037 1555 2067 fides
1580 2035 1751 2078 (servanda
1774 2033 1834 2066 acl.

1168 2081 1326 2122 promissae
1342 2079 1501 2118 brevitati)
1522 2079 1556 2116 ii,
1569 2083 1611 2112 56
1646 2079 1773 2121 publica
1786 2077 1833 2108 vi-

1169 2124 1266 2155 olatio
1279 2125 1354 2156 fidei
1368 2121 1528 2175 (foederis)
1550 2122 1584 2159 ii,
1601 2125 1618 2154 1
1654 2133 1688 2154 ae
1713 2120 1834 2153 Roma-

1169 2178 1280 2198 norum
1312 2168 1386 2199 fidei
1409 2166 1602 2199 committere
1637 2165 1661 2203 i,
1689 2168 1711 2197 9
1744 2164 1834 2206 sequi

1169 2211 1263 2243 fidem
1279 2210 1373 2242 Rom.
1387 2209 1440 2252 (se
1453 2208 1586 2250 dedere)
1608 2209 1642 2245 ii,
1659 2210 1721 2240 107
1755 2208 1834 2239 fides

1170 2253 1246 2297 (scl-
1261 2253 1503 2293 credendorum)
1525 2252 1561 2289 ii,
1577 2254 1652 2284 104.
1673 2254 1728 2284 41.
1759 2253 1834 2285 130.

1127 2340 1260 2372 Fiducia
1273 2339 1362 2371 ducis
1384 2339 1493 2381 (quam
1518 2339 1582 2369 dux
1605 2337 1739 2369 hostium
1755 2336 1787 2368 in
1803 2347 1837 2368 se

1148 2418 1150 2420 v
1171 2381 1658 2477 ἓῗυῖἳὲὺΐξέῑέἒωιᾶῗκέὲἓηῖ
1663 2379 1838 2466 ’νξιῗέεξιὲἰῗέ

1172 2470 1207 2507 ii,
1227 2473 1286 2502 113

1130 2512 1210 2544 Fieri
1239 2525 1277 2544 ex
1304 2512 1425 2554 privato
1452 2511 1562 2543 consul
1599 2511 1633 2549 ii,
1648 2513 1688 2543 51
1727 2515 1843 2552 petens

1173 2556 1371 2588 consulatum
1388 2556 1488 2586 factus
1511 2560 1559 2586 est
1580 2554 1616 2592 ii,
1631 2557 1670 2587 17
1705 2564 1762 2596 pro
1784 2553 1838 2584 riae

1175 2600 1282 2631 classis
1296 2600 1359 2630 dux
1375 2599 1476 2630 factus
1497 2597 1627 2640 (ducem
1642 2607 1675 2629 se
1689 2597 1766 2628 fecit
1804 2595 1838 2632 ii,

1174 2646 1218 2676 76
1241 2643 1301 2686 (cf.
1317 2641 1460 2684 Facere).
1504 2641 1618 2673 bellum
1647 2641 1680 2672 in
1706 2640 1774 2671 dies
1802 2638 1841 2669 fit

1175 2685 1315 2728 (evenit)
1325 2686 1422 2727 magis
1438 2694 1617 2726 prosperum
1640 2683 1673 2720 ii,
1688 2686 1732 2716 52

1132 2729 1237 2761 Finire
1260 2731 1393 2760 honores
1421 2726 1613 2771 (deponere)
1647 2726 1681 2763 ii,
1697 2728 1740 2758 33
1771 2725 1840 2756 lites

1173 2773 1298 2815 justitia
1312 2771 1492 2815 (dirimere)
1515 2770 1550 2808 ii,
1567 2772 1630 2802 118
1651 2769 1758 2800 finitus
1773 2778 1840 2799 are-

1177 2827 1228 2848 nae
1253 2816 1387 2847 circulus
1413 2814 1605 2857 (descriptus
1626 2811 1659 2843 in
1685 2810 1795 2853 arena)
1818 2811 1842 2847 i,

1180 2863 1221 2892 10
1236 2859 1388 2901 quicquid
1403 2857 1509 2888 finitur
1521 2854 1690 2888 meridiano
1701 2860 1756 2886 aut
1770 2865 1843 2896 sep-
