2008 3210
337 269 424 313 278

336 384 455 408 verum
487 385 625 409 nomen.
671 377 828 410 AEmilius
854 376 991 409 Probus
1019 377 1053 409 in

335 426 519 468 Agesilao:
557 430 568 446 ‘
586 428 665 460 Mos
683 432 765 461 vest*
782 427 1054 460 Lacedaemoniis

338 479 500 520 traditus,
523 484 563 511 ut
580 479 666 512 dnos
683 489 821 521 semper
838 489 936 521 reges
950 479 1053 512 habe·

338 534 417 561 rent
444 539 487 563 ex
517 530 650 562 ‹luabus
679 530 818 563 familiis
850 530 987 563 Proclis
1017 535 1055 563 et

342 581 583 623 Eurysthenis,
599 582 657 623 qui
674 582 859 624 Principes
875 592 917 614 ex
933 592 1055 625 proge-

339 634 396 665 nie
436 634 599 666 Herculis
631 635 767 676 Spartae
804 645 903 678 reges
931 634 1053 669 fuere!

339 685 411 717 Cur
426 690 542 717 autem
556 686 625 718 duo
650 687 760 727 simul,
775 697 895 720 caussa
911 688 982 720 sive
998 697 1054 720 oc-

341 736 435 767 casio
450 746 470 767 a
494 736 711 778 Panegyrico
735 738 905 779 scriptore
927 739 1054 780 promi-

341 791 412 828 tur,
426 787 469 819 ad
485 788 758 821 Maximianum:
781 789 857 821 ‘Sic
875 789 914 821 fit
929 794 968 821 ut
981 794 1054 822 tan-

343 843 416 869 tum
433 838 532 870 vobis
549 840 730 881 imperium
747 850 928 872 commune
944 841 1002 881 sit,
1018 844 1055 873 et

342 890 461 931 plane,
476 894 515 922 ut
540 890 667 932 gemini
692 892 743 923 illi
765 901 866 933 reges
889 892 1054 924 Lacedae-

337 950 441 972 mone
453 940 668 981 Heraclidae,
679 942 862 984 Rempubl.
876 943 950 984 pari
961 947 1053 975 sorte

339 991 492 1024 teneatis
499 1015 507 1023 .
535 991 740 1035 Quanquam
749 993 814 1026 hoc
825 1003 884 1026 vos
893 994 1054 1026 meliores

338 1046 376 1074 et
399 1042 583 1084 justiores,
614 1043 708 1086 quod
733 1044 810 1076 illos
835 1049 946 1077 mater
976 1050 1055 1078 astu

341 1093 472 1135 coegit,
501 1104 578 1126 cum
604 1095 730 1127 nemini
752 1094 936 1138 fateretur,
952 1107 1055 1139 quem

338 1144 435 1186 prius
451 1145 622 1181 edidisset
643 1146 679 1178 in
703 1147 828 1188 lucem,
842 1148 917 1188 pari
940 1148 1054 1181 aetatis

340 1195 552 1228 auctoritate
578 1206 746 1239 regnarze
774 1208 835 1230 vos
849 1199 914 1232 hoc
930 1204 1054 1270 sponte

341 1244 484 1280 facitis!
511 1248 649 1290 Lipsius.
854 1271 858 1274 -

336 1322 341 1328 .
384 1298 712 1341 Convenientissimoe]
747 1300 835 1333 Tria.
863 1301 919 1333 hic
946 1302 1053 1335 corri-

339 1353 467 1391 guntur
481 1360 502 1382 a
517 1350 600 1382 viris
614 1350 745 1384 doctis:
770 1351 909 1393 quidam
924 1358 1055 1394 postre-

337 1411 427 1433 mam
446 1403 612 1442 voculam,
630 1403 673 1435 ob
697 1403 902 1436 inamoenam
925 1406 1054 1447 repeti-

339 1452 483 1493 tionem,
500 1453 641 1495 delent;
665 1459 705 1486 ut
717 1463 838 1487 sensus
850 1456 915 1487 sit:
933 1456 1055 1497 Lycm-

335 1513 415 1544 gum
431 1503 685 1543 justissimarum
698 1506 803 1546 legum
825 1509 858 1537 et
880 1506 1055 1547 discipliane

340 1555 643 1587 convenientissimae
658 1559 818 1587 auctorem
822 1556 939 1595 fuisse.
983 1555 1054 1588 Alii

337 1603 494 1648 (Lipsius
509 1616 558 1638 sc.
576 1606 672 1648 cujus
683 1607 930 1640 auctoritatem
943 1608 1055 1650 sequi·

339 1659 399 1688 tur
429 1656 620 1700 Gruterus)
651 1658 799 1690 eundem
841 1668 979 1691 sensum
1006 1659 1054 1691 ita

338 1705 587 1746 determinant,
621 1711 660 1739 ut
698 1706 885 1740 inflexione
922 1708 1054 1741 ultimae

338 1757 443 1797 vocis,
457 1757 634 1799 disciplinae
652 1759 731 1791 viris
743 1760 1054 1802 convenientissimae,

339 1814 518 1842 auctorem
545 1809 676 1843 faciant
705 1812 913 1854 Lycurgum.
959 1813 1054 1846 Non-

337 1861 423 1894 nulli
437 1862 761 1895 convenientissimam
782 1863 1003 1906 disciplinam
1017 1865 1053 1896 in

337 1913 636 1946 continentissimam
673 1919 826 1954 mutant;
870 1925 947 1957 quae
964 1935 967 1938 «
986 1925 1053 1948 vox

337 1964 432 1999 haud
459 1964 562 1996 dubie
586 1964 696 1997 minus
728 1966 890 1998 convenit
917 1967 996 1999 stilo
1017 1972 1054 1999 et

338 2015 447 2046 menti
464 2015 657 2056 scriptoris.
702 2017 799 2049 Sicut
810 2021 847 2049 et
858 2017 972 2057 inedia
983 2028 1054 2050 cor-

338 2065 450 2098 rectio
461 2067 660 2108 quaesivisse
672 2068 785 2109 potius
797 2077 940 2100 acumen
954 2079 1054 2111 quam

337 2117 513 2148 invenisse
548 2117 697 2151 videtur.
753 2119 872 2151 Prima
904 2121 1056 2152 omnium

341 2168 482 2201 videtur
499 2169 646 2210 optima,
669 2174 813 2212 propter
829 2170 867 2202 id
883 2171 976 2212 quod
1003 2181 1055 2203 se-

340 2220 470 2262 quitur.
494 2221 585 2252 Nam
602 2220 659 2252 illa
671 2221 792 2262 verba,
807 2223 817 2239 ‘
830 2223 925 2264 cujus
939 2233 1055 2265 quam-

340 2269 419 2302 diu»
439 2270 569 2312 Sparta
598 2272 747 2314 diligens
777 2272 867 2313 fuit,'
897 2273 1055 2314 profecto

340 2322 531 2364 simplicius
556 2327 592 2355 et
619 2324 742 2356 melius
765 2325 808 2356 ad
838 2325 1055 2367 disciplinam

338 2373 426 2415 reip.
449 2384 468 2406 a
493 2375 652 2415 Lycurgo
673 2375 879 2414 institutam,
895 2386 996 2418 quam
1011 2376 1054 2408 ad

338 2424 454 2464 virum,
467 2425 501 2457 id
519 2431 584 2467 est,
597 2425 791 2467 disciplinae
808 2432 984 2459 auctorem
1002 2437 1054 2459 re-

334 2476 474 2513 ,tnlerim
509 2476 623 2516 Quod
640 2477 667 2507 si
691 2483 805 2509 autem
823 2479 960 2510 omnino
973 2479 1054 2510 reti·

338 2528 492 2562 nendum
528 2528 574 2561 sit
611 2529 694 2560 fflud
724 2531 796 2568 vir,
824 2530 938 2563 malim
976 2540 1054 2562 con·

339 2583 485 2617 nectere
501 2589 579 2612 cum
595 2580 834 2622 sequentibus,
857 2591 957 2623 quam
976 2591 1053 2614 cum

339 2630 650 2666 antecedentibus:
688 2632 752 2671 vir,
776 2632 864 2671 cnjus
884 2643 914 2674 ᾳ.
938 2633 973 2666 S.
999 2636 1054 2674 sse.

341 2691 421 2723 quae
457 2681 610 2715 Acidalii
647 2692 785 2724 quoque
823 2682 939 2723 opinio
978 2683 1055 2716 fuit.

340 2731 512 2768 Nondum
535 2733 626 2764 enim
655 2733 807 2765 adducor
840 2738 878 2767 ut
904 2735 1057 2775 credam,

343 2782 400 2814 hic
422 2783 536 2824 potius
553 2783 596 2814 de
619 2784 769 2816 moribus
789 2790 826 2816 et
851 2785 938 2825 vita,
952 2785 1055 2822 adeo,-

335 2842 412 2875 .que
425 2834 564 2875 privata
574 2835 726 2876 Lycurgi
741 2835 938 2878 disciplina,
951 2846 1055 2879 quam

339 2884 387 2922 ,de
410 2885 737 2924 convenientissima
770 2887 937 2930 civitatis,
951 2897 1054 2934 quam

646 281 789 314 No'rAE
822 281 1094 314 VARIORUM
1127 280 1182 314 IN
1215 280 1506 315 PATEROULI

1105 377 1274 418 condidit,
1301 377 1488 421 disciplina
1517 384 1711 412 sermonem
1729 379 1819 415 ene·

1104 429 1287 462 Boeclerus.
1698 447 1699 450 ¹
1787 439 1808 464 ιι

1150 480 1308 516 Quamdiu
1319 480 1438 522 Sparta
1449 481 1600 523 diligens]
1623 481 1633 500 ‘
1646 482 1728 516 Fuit
1742 482 1819 517 hnc

1106 540 1188 573 gens
1218 530 1318 564 fortis
1346 532 1475 574 (inquit
1494 533 1619 565 Cicero
1635 533 1821 568 Tuscula-

1102 581 1177 624 42.)
1194 583 1275 616 dum
1291 584 1443 626 Lycurgi
1454 585 1548 626 leges
1561 585 1762 627 vigebant'
1735 596 1747 618 τ
1782 589 1820 619 et

1105 643 1182 675 cap.
1199 643 1272 677 seq.
1301 635 1311 652 ‘
1330 635 1493 675 Magnam
1516 635 1623 667 habet
1639 635 1708 668 vim
1731 636 1820 678 reip.

1104 683 1312 725 disciplina!
1338 684 1429 716 Sane
1445 694 1626 725 magnam3
1653 685 1695 717 ad
1713 685 1820 719 decu·

1105 738 1142 766 et
1157 735 1274 775 robur,
1291 740 1340 777 et,
1356 740 1395 768 ut
1410 736 1565 768 homines
1588 741 1703 769 amant
1727 737 1821 780 loqui

1105 785 1150 817 de
1169 787 1270 827 paulo
1287 787 1396 818 serius
1419 787 1597 828 perituris,
1613 779 1662 820 ad*
1681 785 1819 821 &temi-

1106 839 1214 868 tatem
1252 837 1390 878 imperii
1427 842 1620 880 statusque.
1679 839 1820 872 Idcirco

1106 887 1207 928 plane
1224 888 1267 919 ad
1278 893 1431 921 mentem
1443 889 1568 921 velleii
1584 890 1705 922 Nostri
1714 890 1821 933 Poly.-

1106 937 1181 970 bius
1193 938 1326 971 Histor.
1335 948 1386 971 vt.
1395 949 1471 971 cnm
1479 940 1671 973 institutam
1681 941 1820 983 Spurtae

1106 999 1127 1021 a
1143 990 1303 1032 Lycurgo
1319 990 1537 1033 disciplinam
1554 992 1690 1035 judicio
1706 993 1821 1035 politt-

1106 1050 1146 1072 co
1171 1042 1382 1081 pensitasset
1415 1042 1674 1086 laudassetque,
1699 1042 1820 1077 addit:

1106 1090 1222 1134 Διόπερ
1236 1092 1316 1125 οὕτω
1327 1093 1380 1125 καὶ
1391 1093 1441 1125 διὰ
1449 1092 1571 1127 τούτων
1582 1093 1822 1134 συστησάμενος

1106 1143 1282 1186 πολιτείαν,
1299 1144 1435 1182 βεβαίαν
1458 1144 1517 1185 μὲν
1540 1147 1582 1188 τῇ
1604 1144 1659 1178 κά)
1670 1144 1819 1190 συμπάσῃ

1105 1198 1268 1239 Λακωνικῇ
1292 1195 1510 1238 παρεσκεύασε
1540 1197 1600 1235 τὴν
1624 1196 1816 1239 ἀσφάλεια

1039 1265 1043 1277 ι
1105 1247 1315 1291 πολυχρόνιον
1339 1248 1374 1280 δὲ
1397 1250 1464 1281 τοῖς
1486 1248 1697 1291 Σπαρτιάταις
1711 1250 1819 1283 αὐτοῖς

1106 1298 1241 1332 ἀπέλιπε
1265 1299 1325 1338 τὴν
1349 1300 1548 1342 ἐλευθερίανε
1588 1301 1822 1342 Quum-igitur

1106 1351 1317 1394 (versionem
1343 1352 1536 1384 Casauhoni
1566 1350 1742 1395 adscribo)
1756 1351 1823 1386 -Ιιοσ

1105 1404 1195 1434 modo
1219 1406 1250 1434 et
1265 1402 1438 1436 rationibus
1460 1403 1545 1435 hisce
1566 1402 1823 1443 civitaten-tsnan-

1105 1455 1223 1494 «lasset,
1234 1457 1301 1486 tum
1315 1454 1480 1486 Laconica
1495 1454 1650 1486 universe
1668 1454 1824 1491 securim·

1106 1508 1169 1537 tem
1189 1505 1323 1547 firmam
1348 1506 1498 1547 paravit:
1523 1514 1526 1518 ·
1543 1508 1612 1538 tum
1646 1505 1821 1547 Spartanis

1103 1556 1182 1598 ipsis
1188 1556 1367 1588 libertatem
1377 1557 1560 1588 diuturnam
1567 1556 1708 1598 reliquit.
1717 1556 1822 1588 Tem-

1107 1618 1170 1649 pus
1196 1612 1312 1640 autem
1339 1608 1460 1640 harum
1486 1600 1599 1649 legum
1627 1609 1761 1650 pariter
1783 1612 1823 1642 et

1105 1658 1198 1691 illius
1225 1658 1399 1700 floris‚-de
1417 1669 1482 1701 quo
1511 1660 1655 1701 Noster,
1669 1670 1710 1693 ac
1731 1660 1822 1694 cete-

1105 1711 1244 1743 britatis
1260 1711 1380 1744 Livius
1390 1720 1553 1744 xxxviii.
1569 1714 1624 1745 34.
1637 1712 1822 1754 octingen-

1106 1767 1218 1794 torum
1244 1761 1546 1802 annorum'facit3
1571 1763 1627 1795 alii
1651 1766 1734 1798 ⁷00.
1751 1764 1825 1807 qui-

1105 1813 1184 1845 dam
1194 1816 1269 1846 500.
1282 1818 1476 1846 numerant.
1499 1813 1569 1846 vid.
1585 1814 1616 1846 N
1621 1814 1701 1847 icol.
1714 1814 1820 1857 Crag-

1105 1864 1149 1897 de
1165 1866 1253 1906 Rep.
1268 1865 1395 1897 Laced.
1411 1874 1436 1897 1.
1459 1867 1492 1897 4.
1508 1885 1510 1887 >
1532 1864 1720 1897 Pertinent
1741 1865 1821 1907 linc,

1105 1921 1142 1948 et
1157 1915 1296 1958 quidem
1313 1925 1390 1947 cum
1415 1915 1627 1948 excellentia
1642 1915 1823 1956 singularis

1106 1967 1271 2008 exempli,
1286 1977 1364 2009 quae
1381 1966 1648 1999 Guicciardinus
1664 1966 1821 2008 prudens

1107 2018 1259 2059 scriptor
1270 2018 1331 2050 lib.
1347 2027 1390 2050 ιι.
1408 2017 1450 2049 de
1463 2017 1573 2050 forma
1585 2027 1626 2050 ac
1637 2017 1823 2060 disciplina

1107 2069 1194 2110 reip.
1210 2069 1347 2101 Veneta
1373 2068 1524 2107 disserit,
1552 2068 1650 2110 cnjus
1671 2078 1770 2111 opes·
1784 2072 1823 2102 et
1880 2095 1883 2098 ,

1105 2119 1307 2152 firmitatem
1323 2128 1391 2151 non
1404 2119 1558 2160 aliunde,
1571 2129 1676 2161 quam
1689 2128 1734 2152 ex
1749 2123 1823 2152 tam

1107 2171 1284 2212 praeclaris
1298 2169 1480 2210 institutis,
1491 2169 1691 2211 provenisse
1706 2174 1823 2204 osten-
1843 2198 1846 2199 γ

1106 2221 1182 2254 dit..
1217 2220 1310 2255 Quid
1340 2221 1476 2252 interim
1509 2221 1545 2252 in
1571 2221 1822 2262 Spartanorum

1106 2271 1228 2313 repub.
1262 2271 1492 2303 desiderarint
1530 2271 1652 2312 Magni
1679 2272 1821 2314 quidam

1105 2322 1183 2360 viri,
1214 2326 1332 2354 notum
1360 2326 1425 2355 est.
1471 2321 1579 2354 Arist.
1610 2323 1680 2364 pol.
1713 2331 1755 2356 11.
1785 2326 1820 2357 7.

1106 2373 1233 2416 Polyb.
1274 2373 1367 2407 Hist.
1406 2382 1456 2406 vr.
1496 2373 1569 2407 Cic.
1607 2373 1668 2407 off.
1705 2384 1731 2408 1.
1763 2378 1822 2408 19.

1105 2425 1286 2457 Boeclerus.

1148 2477 1236 2509 Ante
1250 2476 1362 2517 annos]
1391 2476 1460 2509 Hic
1481 2477 1667 2518 plurimum
1682 2477 1820 2511 variant

1105 2533 1283 2560 auctores:
1310 2527 1449 2570 qnidam
1472 2533 1554 2560 ante
1573 2529 1714 2571 Trojam
1737 2538 1821 2572 cap·

1107 2584 1177 2611 tam
1216 2578 1392 2610 conditam
1431 2579 1566 2620 volunt,
1603 2579 1702 2612 inter>
1732 2589 1819 2622 quos
1856 2593 1866 2603 κ

1109 2631 1271 2663 Philistus
1295 2630 1387 2672 apud
1411 2630 1612 2669 Eusebium,
1638 2634 1674 2662 et
1689 2629 1821 2672 Appia-

1105 2692 1185 2714 nus:
1228 2681 1366 2724 quidam
1396 2688 1472 2721 post
1500 2686 1638 2721 captam
1665 2680 1820 2722 Trojam,

1105 2738 1291 2775 antequam
1310 2733 1418 2765 Roma
1433 2730 1653 2764 conderetur.
1693 2731 1820 2774 Neque

1105 2784 1140 2815 hi
1163 2784 1197 2815 in
1220 2792 1363 2815 numero
1388 2791 1554 2814 annornm
1583 2782 1817 2816 consentiunt.

1105 2835 1313 2868 Paterculus
1328 2843 1433 2867 annos
1445 2833 1596 2876 quinque
1612 2838 1646 2865 et
1659 2843 1719 2867 rix.
1734 2837 1818 2880 ante

1106 2889 1288 2926 Romam.-
1311 2885 1399 2926 Livii
1429 2885 1584 2930 epitoma
1605 2885 1669 2919 lib.
1689 2894 1738 2922 ω.
1757 2895 1818 2926 an-
