2008 3210
380 260 468 304 342

380 363 584 409 imperatoria
613 364 734 406 forma,
775 375 877 407 quam
914 364 1094 398 Cornelius

381 417 502 459 Nepos
519 417 624 448 etiam
638 416 808 458 Iphicrati
822 417 954 458 tribuit,
969 426 1026 450 111.
1044 417 1096 450 1.?

382 469 483 502 Idem.

424 520 490 552 Sed
508 530 549 551 ex
563 519 739 560 dignitate]
773 519 827 551 De
855 519 951 561 gravi
978 521 1093 551 autem

376 564 444 605 'liae
460 578 496 605 et
512 571 699 614 ἆξιωματικῇ
723 571 884 612 Pompeii
907 569 1033 611 forma,
1050 580 1094 603 ex

378 624 465 657 Silio
494 623 620 666 aliquid
650 623 767 664 capies
792 622 850 655 lib.
878 631 967 655 xm.
1002 621 1094 654 ‘Ille

378 676 473 713 hirta
489 675 543 707 cui
560 673 752 715 subrigitur
767 683 865 706 coma
881 672 1008 713 fronte,
1035 672 1094 704 de-

381 736 512 767 corum,
538 727 585 758 Et
601 729 735 767 gratum
757 725 857 757 terris
872 724 1022 766 Magnus
1038 733 1094 755 ca-

377 776 467 820 put?
489 776 630 819 Lipsius.

426 827 610 868 Constanti]
634 826 813 859 Manutius
829 826 916 868 legit
944 826 1096 857 Constan-

380 879 499 921 titique.

426 923 533 973 Bello]
560 930 696 971 Lipsius
713 929 796 961 belli.

425 982 465 1013 In
493 979 740 1020 reconcilianda]
777 979 853 1011 Imo
882 978 1095 1010 reconciliata.

380 1033 473 1064 Nam
489 1032 537 1064 ibi
552 1031 638 1064 fides
655 1031 768 1062 locum
784 1029 902 1069 habet,
924 1029 976 1060 uti
988 1027 1098 1061 facili-

382 1090 434 1118 tas
457 1085 492 1117 in
520 1082 786 1117 reconcilianda.
808 1082 948 1124 Lipsius.
993 1082 1033 1114 In
1049 1092 1097 1114 re-

381 1135 591 1177 concilianda]
616 1134 753 1176 Lipsius
778 1134 865 1176 legit
886 1133 1098 1166 reconciliata.

382 1186 470 1218 Mihi
495 1186 577 1218 nihil
601 1184 802 1217 mutandum
819 1184 968 1217 videtur.
1012 1183 1098 1216 Vult

380 1238 548 1277 Velleius,
577 1236 815 1269 fidelissimum
846 1234 955 1268 fuisse
983 1235 1016 1266 in
1043 1245 1097 1267 re-

380 1288 596 1321 concilianda
612 1288 703 1319 inter
719 1287 804 1320 alios
818 1288 944 1328 gratia,
956 1286 1016 1319 ubi
1027 1286 1097 1318 fide

374 1332 595 1380 'potissimum
611 1349 708 1381 opus.
741 1338 880 1372 Vossius.

430 1389 602 1431 Vitiorum]
639 1389 769 1431 [Vulgo
799 1389 900 1431 male,
930 1390 1098 1431 votorum]

382 1440 538 1472 Nimium
555 1445 608 1472 est
623 1449 689 1481 pro
703 1438 883 1481 Pompeio,
899 1445 934 1471 et
950 1440 1024 1482 quis
1043 1441 1096 1471 vel

379 1492 542 1524 Socrates
569 1491 613 1523 ad
639 1490 730 1522 hunc
754 1489 934 1531 sapientiae
952 1490 1096 1532 gradum

380 1543 488 1582 venit,
503 1541 551 1573 nil
568 1542 717 1574 vovere?
755 1539 866 1572 Aldus
883 1540 988 1582 igitur
1003 1541 1096 1572 vitio-

380 1603 451 1625 rum
466 1592 563 1634 fecit,
587 1592 678 1624 haud
694 1592 795 1624 male.
838 1591 956 1623 Possis
972 1595 1021 1631 et,
1042 1601 1096 1623 no-

381 1638 506 1676 tarum.-
531 1653 570 1676 ac
593 1646 859 1685 consequenter,
885 1642 971 1674 inter
994 1642 1096 1675 maxi-

380 1706 458 1728 mas.
505 1694 556 1728 Ut
571 1695 656 1727 velit
671 1694 755 1726 nihil
781 1702 856 1725 esse
885 1693 1096 1735 culpandum

374 1747 639 1790 ,notandumque
656 1747 690 1779 in
705 1745 886 1788 Pompeio,
901 1750 1032 1786 praeter
1046 1746 1097 1778 ni-

380 1800 484 1831 miam
510 1797 773 1831 aestimationem
800 1797 850 1829 sui
881 1801 918 1829 et
943 1796 1096 1829 studium

380 1850 589 1883 excellendi.
620 1849 760 1891 Lipsius.
810 1847 983 1889 Vitiorum]
1011 1848 1096 1880 Pro-

374 1901 474 1947 fecto
495 1902 610 1935 verior
638 1900 721 1933 Aldi
746 1900 936 1942 conjectio,
949 1909 1027 1942 quae
1044 1898 1096 1931 fu-

381 1956 457 1986 erat
473 1952 594 1985 eadem
611 1956 649 1985 et
664 1961 752 1984 mea.
797 1951 888 1984 Nam
915 1951 1098 1994 sequentia

379 2004 544 2037 attende:
569 2003 678 2035 virum
703 2002 753 2034 ait
768 2000 874 2034 fuisse
892 2002 1097 2045 Pompeium

373 2054 529 2102 'liberum
546 2058 583 2086 et
598 2054 783 2086 immunem
805 2052 914 2085 ferme
939 2053 1097 2086 omuibus

379 2105 487 2148 vitiis,
528 2105 592 2137 nisi
631 2104 818 2137 maximum
856 2104 942 2137 illud
980 2110 1097 2137 tamen

380 2162 485 2201 esset,
524 2156 696 2189 neminem
733 2165 938 2198 quemquam
977 2166 1097 2198 parem

378 2208 472 2241 ferre
489 2208 654 2251 potuisse.
699 2207 806 2240 Certo
823 2208 930 2251 igitur
947 2209 1097 2242 vitiorum

379 2259 652 2293 rescribendum.
696 2257 767 2290 Sed
789 2258 834 2291 de
860 2259 993 2292 Catone
1009 2259 1095 2292 Por-

380 2311 437 2345 cio
461 2310 572 2344 infra:
610 2312 620 2329 ‘
635 2310 806 2343 Omnibus
826 2311 982 2344 humanis
1000 2312 1094 2344 vitiis

378 2364 561 2402 immunis!
604 2365 776 2406 Exempla
800 2365 834 2396 iu
849 2365 991 2397 alteram
1015 2375 1094 2407 par-

379 2415 583 2456 temallata,
610 2416 639 2447 si
658 2424 738 2448 vere
752 2416 909 2448 volumus
920 2415 1094 2457 judicare,

373 2467 492 2506 ‚minus
519 2466 625 2499 etiam
645 2475 811 2507 cogemur
836 2476 938 2509 quam
962 2466 1006 2498 ad
1022 2476 1094 2499 rem

379 2518 520 2561 minimo
544 2517 658 2550 minus
683 2515 848 2549 facientia
872 2515 988 2550 fateri.
1030 2512 1094 2550 Ta-

380 2579 456 2610 ceo,
478 2567 574 2612 quod
600 2567 710 2611 quivis
737 2567 847 2609 videt,
873 2577 974 2610 quam
999 2568 1094 2601 illam

378 2620 489 2663 ipsam
505 2618 688 2653 lectionem
711 2619 924 2661 insequentia
939 2618 1094 2651 adversis

379 2670 491 2704 veluti
504 2669 662 2711 cornibus
678 2669 895 2712 impugnent.
917 2669 1094 2703 Acidaliae.

373 2758 377 2761 μ
422 2722 620 2764 Ωιιεηιφιιιηι
647 2721 811 2764 equalem]
857 2721 976 2755 Caesai·
1002 2721 1093 2754 Bell.

372 2771 458 2808 civ,
473 2782 499 2806 1.
535 2773 750 2815 ‘Pompeius
780 2772 954 2805 neminem
981 2772 1094 2814 digni-

341 2842 347 2846 ·
379 2827 456 2865 tate
482 2833 600 2862 aecum
629 2823 806 2867 exaequari
821 2822 984 2858 volebat?
1026 2823 1094 2856 Lu-

373 2884 460 2912 can.
474 2884 502 2910 1.
523 2874 721 2923 Flor.1v.2.
737 2876 790 2910 14.
812 2874 953 2908 Sallust.
969 2873 1094 2909 alludit

692 270 836 301 No'rAE
869 269 1141 302 VARlORUM
1178 269 1230 301 IN
1267 270 1553 302 PATERGULI

1148 365 1248 399 Orat.
1263 375 1289 397 1.
1307 365 1349 397 de
1364 375 1439 407 rep.
1454 364 1529 398 ord.
1544 374 1621 398 cum
1635 364 1679 397 de
1692 363 1863 408 Pompeio

1147 416 1302 459 loquens,
1339 416 1349 434 ‘
1367 416 1456 449 Nam
1496 415 1699 458 particeps,’
1735 416 1862 460 inquit,

1145 468 1415 501 ‘dominationis
1445 477 1555 510 neque
1585 463 1652 500 fuit
1674 467 1865 511 quitquam,

1144 529 1268 562 neque,
1285 519 1312 551 si
1336 519 1409 561 pati
1433 519 1616 561 potuisset,
1639 518 1733 550 orbis
1756 524 1864 555 terra-

1146 581 1218 603 rum
1238 571 1328 603 bello
1345 580 1531 603 concussus
1547 568 1663 602 foret!
1709 569 1862 612 Egregie

1145 621 1406 662 Theophrastus
1419 621 1453 652 in
1471 621 1634 653 Charact.
1649 620 1786 662 περὶτῆς
1796 619 1863 653 ὀλι-

1145 671 1295 715 γαρχίας,
1307 677 1419 712 notat,
1442 672 1452 691 ⁴
1466 671 1617 704 homines
1640 669 1864 714 ὀλιγαρχὶκοῦς

1146 733 1191 755 ex
1222 723 1364 755 Homeri
1393 722 1544 754 versibus
1576 722 1666 754 hunc
1695 714 1802 755 solum
1824 726 1863 755 et

1146 784 1249 806 unum
1267 780 1401 814 tenere,
1419 773 1475 805 οὐκ
1496 772 1616 814 ἀγαθὸν
1629 772 1862 816 πολυκοιρανίη·

1147 824 1190 858 εἷς
1216 826 1356 868 κοίρανος
1384 824 1488 858 {or-rm:
1510 826 1520 843 ‘
1535 826 1678 857 aliorum
1693 825 1861 871 'omnium

1146 877 1230 909 nihil
1247 876 1361 909 scire.'
1407 876 1475 910 Qui
1491 876 1673 908 character
1695 885 1763 907 non
1789 879 1861 908 tam

1148 927 1397 970 Optimatibus,
1427 927 1462 959 id
1498 930 1563 967 est,
1598 925 1862 958 Aristocraticis

1145 979 1352 1020 hominibus,
1377 978 1467 1022 quod
1495 977 1700 1020 simpliciter
1720 982 1760 1010 et
1786 977 1861 1010 sine

1146 1030 1352 1062 limitatione
1380 1030 1529 1071 Magnus
1555 1028 1614 1060 ille
1637 1027 1862 1061 casaubonus

1146 1083 1364 1126 pronuntiat,
1373 1082 1434 1115 sed
1450 1081 1694 1124 Oligarchicis‚
1707 1081 1862 1124 adeoque

1146 1134 1201 1175 iis,
1218 1134 1275 1176 qui
1291 1133 1521 1176 Optimatium
1547 1132 1792 1165 auctoritatem
1808 1140 1862 1164 us-

1147 1195 1214 1227 que
1242 1183 1285 1216 ad
1313 1193 1501 1226 paucorum
1526 1187 1746 1225 potentatum
1761 1190 1862 1215 evec—

1146 1240 1218 1268 tam
1235 1235 1393 1277 cupiunt,
1408 1234 1546 1266 videtur
1561 1233 1755 1266 convenire.
1781 1233 1861 1267 Quo

1145 1297 1248 1320 sensu
1274 1286 1410 1319 scilicet
1434 1283 1639 1326 ὀλιγαρχικὸς
1661 1283 1862 1316 declaratur

1146 1348 1166 1370 a
1180 1337 1268 1370 Poll.
1285 1346 1342 1370 111.
1358 1339 1391 1370 6.
1414 1336 1470 1369 οὐκ
1491 1336 1623 1377 ἀγαπῶν
1645 1335 1684 1367 τὸ
1707 1335 1796 1368 icor:
1820 1345 1863 1368 ω-

1145 1389 1329 1432 qualitatem
1343 1399 1405 1421 non
1415 1397 1538 1420 amane.
1561 1388 1625 1420 Est
1638 1387 1728 1419 enim
1742 1384 1863 1428 ἰσότης,

1147 1442 1219 1474 sive
1233 1439 1391 1482 ἶσηὙορῖα,
1412 1438 1566 1481 ἲσομορία,
1580 1438 1686 1471 civilia
1700 1436 1862 1479 oequubiln‘-

1145 1496 1206 1533 tus,
1227 1492 1337 1525 veluti
1353 1490 1615 1524 fundamentum
1630 1493 1667 1522 et
1682 1489 1859 1522 vinculum

1145 1543 1318 1576 libertatis
1335 1547 1373 1575 et
1387 1540 1637 1574 Democratiae.
1674 1539 1861 1582 14318οἾ01-

1146 1595 1254 1627 leius:
1277 1594 1286 1612 ‘
1304 1604 1383 1626 cum
1408 1602 1527 1625 omnes
1543 1592 1638 1624 cives
1656 1590 1740 1633 jure
1755 1589 1862 1624 habe-

1146 1650 1201 1679 ret
1231 1644 1356 1688 pares?
1401 1644 1501 1677 Hanc
1533 1641 1770 1685 aequalitatem
1801 1641 1859 1684 qui

1147 1696 1411 1736 transcendunt,
1433 1697 1443 1713 ‘
1457 1692 1637 1734 inciviles:
1651 1691 1861 1725 ‘inciviliter

1146 1747 1252 1788 elati,’
1275 1751 1312 1779 et
1327 1744 1526 1788 ὀλιγαρχικοὶ
1542 1746 1719 1785 vocantur,
1744 1746 1783 1776 et
1808 1741 1860 1776 in-

1146 1799 1285 1832 tei-dum
1301 1795 1485 1840 τυραννικοί.
1508 1796 1654 1829 Boeeler.

1189 1850 1258 1884 Hic
1272 1860 1292 1882 a
1307 1848 1400 1890 toga]
1429 1848 1555 1889 Vulgo,
1568 1846 1655 1878 hicce
1667 1848 1754 1887 toga.
1790 1843 1860 1879 Hic

1144 1912 1164 1934 α
1178 1902 1270 1944 toga]
1303 1901 1361 1933 Ita
1386 1900 1431 1932 V.
1448 1900 1488 1932 E.
1514 1898 1550 1931 Is
1568 1897 1628 1940 qui
1650 1896 1822 1930 Velleium
1836 1905 1859 1929 e

1145 1957 1284 1986 vetusto
1302 1950 1504 1993 descripsit,
1525 1948 1632 1981 falsus
1655 1951 1708 1979 est
1721 1957 1742 1980 11
1754 1947 1859 1980 litera

1144 2005 1179 2037 in
1194 2012 1270 2037 ccc.
1318 2002 1408 2035 Nam
1435 2005 1475 2034 ut
1499 2001 1532 2033 in
1549 2000 1625 2041 hoc,
1639 1999 1689 2033 sic
1702 1998 1809 2033 etiam
1823 1998 1860 2031 111

1145 2054 1352 2099 quibusdam
1380 2053 1455 2085 aliis
1484 2056 1640 2084 veterum
1666 2049 1861 2092 codicibus,

1145 2118 1165 2140 α
1179 2107 1230 2139 sic
1255 2105 1418 2139 scribitur
1438 2112 1514 2137 cc.:
1548 2101 1639 2146 quod
1663 2101 1730 2134 iste
1746 2110 1811 2144 pro
1824 2109 1859 2134 cc

1146 2157 1281 2201 syllaba
1296 2154 1468 2197 adspexit.
1491 2154 1629 2186 Burrer.

1189 2206 1357 2248 Excoluit]
1390 2205 1432 2238 In
1449 2204 1560 2237 veteri
1574 2203 1766 2246 exemplari
1781 2204 1858 2239 eele-

1143 2259 1233 2293 riora
1244 2269 1261 2290 .·‘
1283 2257 1379 2290 forte
1395 2255 1584 2298 legendum
1599 2254 1760 2287 celebrior.

1188 2310 1281 2342 CAP.
1297 2311 1351 2341 30.
1378 2305 1520 2347 Etoscae]
1544 2305 1667 2337 Potuit
1689 2314 1766 2338 esse
1787 2305 1858 2340 ioci

1144 2370 1282 2400 nomen,
1295 2359 1433 2398 Etoscoe,
1449 2367 1469 2388 a
1482 2355 1632 2388 librariis
1647 2359 1771 2398 postea
1780 2365 1858 2390 cor-

1133 2414 1284 2454 ruptum
1298 2419 1308 2449 ς
1328 2407 1443 2450 potuit
1456 2410 1487 2439 et
1498 2416 1586 2439 escas
1596 2417 1607 2438 .·
1630 2406 1665 2438 id
1678 2399 1857 2450 0110111011-

1144 2460 1258 2494 tentia
1266 2469 1334 2492 non
1345 2458 1494 2500 respuit:
1509 2457 1623 2499 potuit
1630 2456 1735 2490 etiam
1743 2456 1859 2491 aliter.

1145 2511 1247 2547 Quod
1258 2515 1297 2543 ut
1307 2508 1442 2552 assequi
1452 2508 1664 2550 conjectura,
1676 2506 1857 2542 felicitatis

1145 2567 1209 2604 est,
1226 2562 1275 2595 sic
1290 2560 1461 2594 affirmare
1481 2559 1554 2591 sine
1575 2562 1733 2592 veterum
1753 2558 1857 2592 libro-

1144 2623 1234 2656 rum,
1246 2617 1307 2646 aut
1321 2610 1475 2644 historiae
1492 2608 1704 2651 testimonio,
1712 2609 1856 2643 temeri-

1145 2664 1239 2697 tatis.
1287 2663 1378 2696 Mihi
1392 2661 1460 2695 loci
1470 2669 1596 2694 nomeu
1607 2659 1717 2693 fuisse
1732 2655 1858 2703 proba-

1143 2715 1246 2749 bilius
1258 2714 1410 2748 videtur.
1454 2712 1502 2744 Et
1516 2709 1676 2757 quoniam
1690 2709 1727 2742 111
1739 2719 1856 2745 emen-

1143 2765 1258 2799 dando
1280 2765 1475 2798 litterarum
1498 2760 1647 2795 maxime
1661 2760 1857 2796 similitudi-

1142 2826 1221 2850 nem
1247 2815 1345 2864 sequi
1373 2815 1528 2856 oportet,
1557 2811 1714 2854 placeret
1751 2809 1855 2853 Osee,

1141 2879 1219 2913 quae
1231 2867 1298 2903 fuit
1307 2866 1389 2901 urbs
1396 2862 1856 2913 Hispaniae,iutereas,qu⁸-
