2008 3210
369 254 455 297 452

368 361 458 404 lapis
475 361 509 393 in
526 370 593 402 quo
622 359 786 392 incisum:
812 368 1024 393 nxronvtu.
1047 368 1079 392 ι’.

368 421 450 445 con.
472 420 531 444 ΛΡ.
545 418 616 445 EQ.
645 418 755 443 Azan.
785 418 1081 443 ΡΑΝΝοΝιοιινΜ.

366 471 451 495 Tvu.
468 470 585 494 scam.
608 462 679 494 Jos.
695 461 854 502 Scaliger.

411 513 549 554 Lingua
559 522 677 554 quoque
689 513 804 544 notitia
815 511 982 554 Romanoe]
1010 498 1081 546 Ne-

367 565 442 597 scio
456 575 524 607 quo
538 564 682 596 consilio
693 564 883 606 Schegkius
896 564 950 596 hic
964 564 1081 596 obser-

366 620 439 657 vet,
465 616 609 657 Linguae
639 615 771 647 Latinae
799 625 896 647 usum
922 614 1080 648 beneficii

366 669 443 700 loco
471 678 491 700 a
508 667 670 699 Romanis
697 677 919 700 concessum:
946 677 990 699 ex
1006 667 1080 699 Liv.

366 728 424 751 xri.
438 721 494 751 43.
538 719 548 736 ‘
565 718 727 750 Cumanis
754 728 795 749 eo
820 727 908 750 anno
931 718 1080 759 petenti-

366 771 430 804 bus
446 770 663 814 permissum,
678 775 716 802 ut
739 770 875 812 publice
893 770 1016 802 Latine
1033 770 1080 802 lo-

366 827 572 866 querentur,
583 827 619 854 et
631 821 848 862 praeconibus
862 821 987 853 Latine
999 831 1080 853 ven-

365 873 472 906 dendi
493 873 552 914 jus
578 871 694 904 esset!
742 873 870 904 Noster
888 881 970 903 sane
997 872 1080 903 nihil

364 925 409 957 de
425 935 490 957 usu
512 924 615 966 hujus
639 924 766 965 linguae
793 923 979 956 Pannoniis
995 923 1079 965 pub-

364 975 431 1007 lice
465 984 641 1015 concesso,
671 975 760 1007 sicut
788 976 958 1007 Cumanos
986 975 1079 1007 actui

364 1026 504 1068 publico
520 1036 561 1059 ac
577 1026 724 1065 negotiis
748 1026 906 1058 civilibus
931 1026 1078 1057 solenni-

364 1077 429 1109 bus
453 1077 539 1108 illud
573 1076 790 1118 privilegium
818 1076 1015 1118 quaesivisse
1041 1080 1078 1109 et

363 1129 571 1170 impetrasse
603 1128 719 1160 Livius
751 1133 872 1159 auctor
901 1131 976 1160 est:
1017 1127 1078 1159 sed

362 1179 478 1220 potius
493 1178 538 1211 de
555 1179 758 1220 pervulgata
773 1178 898 1211 notitia
912 1177 1078 1210 sermonis

362 1230 508 1262 Romani
526 1230 690 1272 loquitur,
704 1230 797 1262 sicut
816 1229 987 1271 hodieque
1001 1228 1078 1261 fieri

362 1285 480 1323 potest
495 1285 532 1314 et
546 1281 647 1322 solet,
665 1286 703 1313 ut
720 1282 848 1323 linguae
858 1281 1002 1323 alicujus
1017 1291 1077 1313 ex-

362 1336 496 1364 traneae
513 1332 637 1365 notitia
650 1333 685 1364 in
699 1334 822 1374 vulgus
835 1332 919 1364 satis
929 1331 1075 1364 familia-

362 1383 410 1416 ris
425 1383 484 1425 sit,
501 1393 568 1415 non
593 1384 680 1415 item
695 1392 758 1415 usu
777 1382 914 1424 publico
931 1387 1076 1424 recepta

362 1438 399 1467 et
432 1434 571 1476 agendis
598 1434 716 1466 ,rebus
758 1433 1075 1476 componendisque

361 1484 590 1518 monumentis
621 1484 803 1518 destinata.
849 1485 939 1516 Nam
967 1484 1002 1516 id
1031 1493 1075 1516 ne

361 1541 486 1578 optant
508 1535 647 1578 quidem
673 1539 733 1567 aut
759 1534 930 1567 sustinent
946 1533 1075 1575 facere,

360 1588 426 1619 nisi
453 1587 510 1630 qui
535 1591 680 1619 externo
706 1586 853 1627 imperio
877 1586 934 1617 vel
952 1590 1075 1626 parent

360 1638 415 1670 vel
428 1638 626 1670 adulantur.
653 1637 781 1679 Itaque
793 1646 930 1679 semper
946 1637 1073 1669 discer-

359 1690 510 1723 nendum
534 1695 602 1731 est,
619 1689 870 1722 commercione
893 1693 932 1721 et
951 1699 1015 1721 usu
1032 1698 1073 1721 ac

357 1741 628 1781 necessitudine,
637 1751 679 1773 an
691 1741 835 1783 imperio
846 1740 1073 1782 institutoque

358 1793 484 1826 notitia
510 1793 636 1835 linguae
665 1793 811 1835 alicujus
849 1797 1073 1834 propagetur.

358 1844 417 1876 De
445 1845 553 1886 priori
578 1843 681 1876 modo
707 1844 848 1876 Curtius
876 1843 1006 1875 diserte
1021 1852 1072 1875 vx.

357 1897 412 1927 16.
428 1898 484 1927 23.
519 1895 530 1913 ‘
546 1894 635 1927 Tam
650 1894 839 1926 victoribus
847 1903 958 1936 *quam
974 1893 1074 1926 victis

356 1946 538 1988 peregrina
552 1946 672 1988 lingua
684 1945 850 1977 discenda
866 1944 941 1978 est!
986 1945 1072 1978 Pos-

357 1997 466 2029 terius
495 1997 679 2038 consilium
714 1995 982 2029 Dominantibus
1021 1998 1072 2028 'so-

356 2048 471 2080 lennen
489 2051 564 2080 estt
599 2048 658 2090 qui
687 2047 840 2088 linguam
871 2056 979 2088 suam,
1004 2057 1071 2080 non

356 2099 447 2132 citra
460 2109 625 2132 arcanum
642 2098 791 2140 imperii,
808 2098 869 2141 (de
885 2107 952 2140 quo
969 2099 1071 2141 Clap-

355 2146 442 2184 mar.
463 2160 546 2190 ;111.
575 2151 645 2193 22.)
686 2161 878 2194 propagare
918 2151 1070 2184 student.

354 2203 538 2235 Baedorus.

405 2253 667 2295 Vexillariorum]
691 2252 748 2285 An
766 2253 906 2294 milite-3,
922 2253 980 2295 qui
1007 2253 1070 2286 sub

354 2304 476 2339 eodem
493 2304 621 2336 vexillo
646 2303 858 2344 militabant,
873 2313 917 2335 an
932 2304 1069 2346 equites
1113 2330 1116 2333 ,

1107 2362 1155 2394 .p
1171 2355 1247 2385 652.

354 2357 480 2388 alarios
507 2355 695 2397 intelligit?
730 2355 822 2388 Vide
843 2356 971 2396 Veget.
986 2356 1009 2388 l.
1027 2365 1069 2388 ιι.

353 2417 386 2439 c.
404 2409 436 2438 1‘.
454 2411 492 2439 et
514 2406 588 2438 Liv.
609 2406 632 2439 l.
655 2414 755 2438 xmx.
805 2405 1068 2446 Vexillariorum]

354 2456 490 2502 Auctor
503 2457 638 2490 notitiae
658 2457 802 2499 Imperii
830 2456 1068 2489 vexillationes

351 2508 530 2542 Palatinas
567 2512 606 2540 et
636 2507 900 2545 comitatenses,
925 2507 989 2539 sub
1018 2507 1068 2539 di-

351 2559 461 2592 versis
478 2559 661 2601 Magistris
677 2568 745 2601 qua
771 2558 806 2590 in
825 2559 974 2591 Oriente
1000 2569 1069 2601 qua

351 2610 388 2642 iu
411 2610 607 2646 Occidente
635 2614 809 2651 recenset,
826 2610 888 2642 sed
910 2610 1068 2642 omnibus
1110 2632 1112 2634 >

352 2659 543 2694 t'erevlocis
569 2660 722 2694 disertim
761 2661 897 2694 indicat
935 2661 1068 2704 equites

352 2710 474 2744 fuisse:
514 2712 574 2745 De
590 2711 712 2744 iisdem
738 2718 839 2745 vetus
865 2723 1002 2756 quoque
1016 2712 1068 2746 in-

352 2761 530 2805 scriptio:-
545 2771 651 2796 ιἰῈΜ.
680 2760 798 2796 Μιεεὸ.
823 2772 883 2797 ΑΒ.
904 2771 1070 2803 meisi«-

354 2821 483 2848 Toum.
505 2823 594 2849 Avc.
620 2824 695 2851 1²10.
721 2824 784 2848 An.
813 2824 1068 2849 Dsnvcnnms.

674 264 817 296 NOTAE
850 264 1122 297 vAmoRUM
1156 265 1208 297 IN
1244 265 1531 298 PATERCUM

1129 362 1434 394 vanam-rmum.
1447 370 1500 394 m.
1514 363 1669 395 svamm.
1684 370 1741 395 on.
1755 370 1842 408 ηις

1130 419 1438 445 rvn......·rmcvst.
1483 411 1757 446 vexillationum
1782 422 1843 447 no·

1129 472 1210 495 men
1224 462 1406 496 Turnebus
1419 463 1463 496 ad
1483 463 1644 496 emeritos
1658 466 1842 499 veteranos

1128 514 1345 556 (subsignani
1388 514 1568 548 Ammiano
1625 514 1842 557 dicebantur,

1132 565 1312 598 Vexillarii
1331 565 1470 608 Tacito)
1503 565 1624 605 traxit,
1639 565 1674 598 id
1691 570 1757 605 cst.
1779 575 1839 599 eos

1130 615 1268 657 milites,
1295 615 1353 658 qui
1386 618 1614 656 exauctorati,
1647 615 1711 648 snb
1740 616 1840 659 signo

1132 670 1245 698 tamen
1255 666 1395 699 seorsim
1404 667 1623 709 tenebantur,
1634 667 1745 700 donec
1753 675 1839 710 βω

1130 716 1250 748 miset
1274 725 1373 758 agros
1399 717 1611 759 acciperent.
1655 718 1744 751 Eum
1757 718 1841 752 vide

1130 766 1190 799 lib.
1206 776 1262 799 ιιι.
1287 768 1572 801 Adversariorum
1593 778 1623 802 c.
1646 771 1679 801 ³.
1696 773 1734 805 et
1756 770 1779 803 l.
1801 779 1838 804 v.

1131 827 1164 850 c.
1187 820 1221 850 2.
1247 818 1306 851 ubi
1332 828 1376 851 ex
1404 819 1560 852 Suetonii
1581 819 1708 862 Galba,
1731 830 1763 854 c.
1785 823 1840 855 2⁰.

1131 869 1206 901 haec
1235 869 1360 902 verba:
1391 872 1402 889 ‘
1421 871 1578 913 Excepta
1604 871 1838 906 Germanicio'-

1131 929 1204 951 rum
1222 920 1468 962 vexillatione‚'
1493 931 1547 963 eo,
1566 933 1632 965 quo
1645 923 1718 957 dixi
1730 924 1839 958 modo
1864 944 1867 947 -

1128 971 1378 1013 interpretatus
1393 977 1468 1013 est3
1498 978 1594 1007 recte
1611 984 1655 1007 an
1668 984 1770 1008 secus
1781 975 1840 1018 ju—

1131 1022 1248 1055 dicare
1274 1023 1360 1055 alios
1389 1025 1575 1057 mavelim:
1612 1030 1759 1068 accepto
1788 1031 1839 1059 tas-

1130 1082 1207 1105 men
1225 1084 1246 1105 a
1258 1083 1325 1115 me,
1339 1084 1399 1106 seu
1412 1075 1525 1116 potius
1543 1076 1678 1109 Notitia
1689 1076 1839 1119 imperii,

1129 1124 1194 1157 hoc
1212 1126 1421 1164 testimonio,
1443 1127 1502 1158 ubi
1523 1127 1586 1160 sub
1610 1127 1838 1170 dispositione

1130 1176 1195 1208 viri
1209 1177 1352 1209 illustris
1367 1177 1529 1219 Magistri
1553 1178 1696 1211 milituin'
1714 1183 1776 1221 pet·
1790 1179 1840 1213 n·-

1129 1228 1276 1269 lyricum
1304 1229 1382 1261 duae
1421 1229 1661 1262 vexillatioues
1687 1229 1839 1263 Comita'-

1129 1285 1245 1312 tenses
1262 1284 1448 1323 ponuntur,
1469 1281 1480 1298 ‘
1495 1281 1630 1323 equites
1655 1281 1839 1324 Sagittarii

1127 1330 1293 1371 seniores,
1304 1331 1440 1373 equites
1452 1331 1713 1364 Germaniciani
1724 1333 1837 1366 senio-

1128 1392 1197 1415 res.
1202 1380 1439 1415 'Sternet-hius.

1171 1433 1272 1475 Quin]
1296 1434 1410 1476 Vulgo
1423 1434 1509 1476 quia.
1533 1433 1600 1466 Sed
1612 1437 1709 1467 recte
1720 1443 1838 1468 emen,-

1127 1484 1250 1517 darunt
1267 1485 1411 1517 Ursinus
1425 1484 1680 1527 Acidaliusqne.

1169 1537 1364 1578 Fir-matum]
1390 1538 1472 1569 Vet.
1489 1547 1542 1568 ex.
1559 1537 1757 1576 famatum‚·
1778 1547 1837 1571 cn-

1119 1588 1178 1630 jus
1194 1589 1287 1621 vocis
1303 1593 1340 1620 et
1366 1589 1505 1629 elegans
1528 1593 1566 1620 et
1586 1588 1669 1620 satis
1684 1592 1768 1622 nuta
1782 1593 1837 1622 est

1123 1640 1158 1672 in
1171 1639 1233 1671 hos
1249 1649 1329 1672 usus
1340 1639 1565 1681 significatio;
1589 1639 1705 1672 nescio
1715 1644 1836 1673 ⁷tamen

1124 1690 1295 1733 quomodo
1322 1695 1455 1723 textum
1483 1690 1679 1723 accuratius
1698 1690 1838 1734 inspici-

1125 1742 1198 1774 enti
1215 1743 1325 1784 magis
1338 1741 1483 1782 arridet,
1494 1742 1672 1784 firmatum.
1694 1740 1822 1775 Boset:

1168 1793 1258 1826 CAP.
1281 1795 1356 1825 111.
1390 1793 1558 1835 Delectat]
1568 1803 1573 1805 Δ
1584 1792 1659 1824 -De2
1675 1791 1835 1826 delectus

1122 1844 1237 1884 modo,
1261 1843 1541 1876 refractariorum
1556 1852 1669 1885 poena,
1683 1849 1722 1876 et
1737 1843 1836 1885 justa

1123 1895 1361 1936 excusatione,
1373 1895 1454 1927 vide
1470 1895 1613 1927 Romam
1627 1894 1835 1954 illustratam

1123 1956 1158 1988 p.
1174 1948 1229 1978 46.
1245 1948 1300 1979 47.
1315 1952 1435 1988 etseq.

1167 1997 1319 2030 Revocati
1349 1998 1482 2039 undique
1509 1997 1629 2039 omnes]
1675 1996 1834 2044 Retinet-i

1111 2051 1240 2089 -potest
1263 2052 1402 2080 vetusta
1428 2048 1547 2087 lectio,
1571 2047 1706 2088 undique
1720 2050 1752 2080 ct
1766 2056 1832 2080 om·

1122 2109 1188 2131 nes.
1243 2098 1346 2133 Quod
1374 2098 1554 2131 Acidalius
1583 2098 1703 2130 evocati
1731 2107 1833 2140 repo-

1122 2149 1270 2181 nendum
1293 2149 1484 2189 contendit,
1508 2148 1543 2180 in
1565 2158 1608 2181 eo
1626 2148 1833 2191 obsequitur

1121 2200 1209 2232 mori
1234 2209 1308 2241 suo,
1335 2204 1440 2242 atque
1466 2209 1510 2232 ex
1533 2199 1627 2231 omni
1650 2196 1831 2233 occasione

1121 2251 1373 2285 correctionem
1389 2255 1522 2293 captat.
1547 2251 1695 2284 Boecler:

1168 2303 1231 2334 Ex
1234 2301 1342 2343 censu]
1364 2301 1462 2334 Suet.
1485 2300 1576 2342 Aug.
1598 2303 1655 2333 25.
1664 2301 1748 2334 Dio
1770 2310 1828 2335 nv.

1164 2404 1240 2436 Nisi
1255 2404 1307 2446 qui
1321 2404 1378 2436 illa
1392 2407 1517 2445 regeret
1523 2403 1659 2446 fuisset]
1689 2404 1832 2438 Scilicet
1862 2403 1866 2404 ⁷

1118 2455 1196 2496 plns
1220 2461 1275 2488 est
1301 2456 1337 2487 in
1361 2456 1462 2496 duce,
1478 2465 1580 2499 quam
1601 2456 1637 2488 in
1652 2456 1831 2490 exercitu.

1120 2516 1187 2548 quo
1218 2507 1262 2538 de
1287 2511 1489 2549 argumento
1514 2506 1610 2549 pleni
1633 2510 1715 2540 sunt
1738 2507 1830 2563 eom·

1110 2558 1280 2591 ,mentarii
1300 2559 1535 2591 Politicorum.

1167 2609 1212 2641 Ut
1238 2609 1423 2650 proesidt'um
1451 2609 1601 2650 militum,
1627 2608 1731 2651 ξω]
1747 2574 1829 2641 lion

1119 2660 1230 2701 probo
1242 2661 1365 2693 ducem
1376 2660 1574 2702 praesidium
1585 2659 1830 2702 militumesse,
1847 2688 1850 2689 γ

1107 2712 1228 2753 <magis
1238 2713 1405 2753 regimen.
1424 2711 1571 2753 Scripsit
1578 2709 1733 2743 Velleius
1745 2719 1829 2752 μνω-

1117 2763 1236 2795 sidium
1250 2763 1406 2796 altimum.
1449 2763 1557 2794 Velut
1573 2761 1616 2792 ad
1626 2765 1828 2793 extremum

1119 2814 1296 2856 auxilium,
1311 2813 1435 2857 inquit,
1449 2815 1487 2846 et
1497 2811 1689 2846 adsacrum
1703 2812 1828 2846 ancho-
