2008 3210
408 236 496 281 332

408 352 499 384 reim,
507 342 836 386 quadringentarum
848 354 960 386 capax
971 344 1121 386 navium,

408 395 667 427 muro-duorum
695 394 839 427 millium
866 399 1028 436 passuum
1043 394 1120 427 urbi

410 446 626 487 oenjnnctus.
639 446 781 478 Terent.
797 445 909 478 Andr.
930 446 941 464 ‘
955 446 1045 478 Heri
1060 446 1120 478 ali-

411 499 507 537 quot·
535 496 782 529 adolescentuli
821 497 1040 530 convenimus
1085 497 1120 529 in

410 546 616 590 Pyraeeum.'

457 598 634 639 Nimirum]
661 598 729 631 Alii
744 599 875 632 nimium
890 601 967 633 teri.
1001 601 1120 633 Florus

410 652 507 680 certe
521 658 587 680 nou
602 649 727 682 liberat
738 651 943 693 suspicione,
955 652 1003 684 ait
1016 652 1120 693 enim,

412 700 423 716 ⁴
443 700 630 742 Postquam
662 701 842 734 domuerat
871 702 1120 744 ingratissimos

412 749 598 790 homiuum,
614 753 649 783 in
665 752 830 785 honorem
845 758 958 786 tamen
975 759 1122 787 mortuo-

412 811 488 833 rum
518 803 623 834 sacris
653 813 793 846 suaeque
823 802 924 836 famae
955 804 1122 838 donavit!

413 852 468 884 De
484 853 685 886 Graecorum
701 853 796 886 fluxa
811 858 846 886 et
870 855 1026 897 sublesta
1040 855 1122 898 fide,

411 912 467 936 res
493 905 696 945 proculcata
715 905 803 946 jam,
829 910 1051 949 notatumque
1078 906 1123 938 ad

411 954 589 989 Plautum.
623 955 756 996 Schegk.
803 956 983 998 Nimirum]
1019 957 1124 998 Lege,

410 1005 554 1038 nimium.
614 1007 660 1039 Et
686 1007 735 1038 ita
755 1006 828 1048 jam
856 1007 890 1039 in
917 1007 1123 1049 quibusdam

413 1058 590 1091 codicibus
621 1059 842 1091 emendatum
871 1060 1019 1101 reperio.
1064 1062 1122 1093 De

412 1109 673 1142 Atheniensium
695 1120 778 1142 vero
803 1110 886 1152 fide,
910 1112 1123 1144 contrarium

410 1160 529 1203 prodit
555 1161 694 1193 Tacitus
722 1171 762 1194 11.
785 1160 971 1194 Annalium
993 1162 1028 1194 in
1052 1172 1124 1195 ora-

411 1211 508 1243 tioue
524 1211 682 1251 Pisoni„
706 1212 763 1255 qui
785 1213 939 1255 appellat
954 1214 1015 1246 hos
1029 1214 1040 1232 ‘
1056 1215 1123 1246 Mi-

411 1261 575 1294 thridatis
614 1262 777 1295 adversus
812 1263 943 1296 Sullam
987 1265 1122 1298 socios!

420 1311 560 1345 Vossius.

457 1365 542 1396 Ante
555 1364 675 1406 omnia]
697 1365 802 1407 Lego,
817 1375 862 1398 ex
874 1367 1025 1400 auctoris
1047 1378 1125 1408 per-

412 1418 522 1456 petua
536 1416 796 1458 consuetudine,
808 1418 840 1449 in
852 1418 969 1452 omnia.
1014 1419 1057 1450 Id
1073 1419 1124 1451 illi

415 1469 470 1498 est
492 1475 643 1507 prorsus.
689 1465 808 1498 Infra:
842 1467 854 1485 ‘
869 1468 920 1500 Μ.
940 1469 1050 1501 Lollio
1065 1470 1124 1502 ho-

412 1515 505 1548 mine
528 1517 562 1550 in
579 1517 693 1549 omnia
716 1518 872 1559 pecuuiae
898 1529 998 1561 quam
1027 1524 1124 1552 recte

411 1565 567 1599 faciendi
584 1568 784 1609 cupidiore.²
819 1570 995 1611 *Superius
1017 1571 1123 1604 item:

413 1619 424 1635 ⁸
442 1617 590 1649 Meliore
605 1619 640 1650 in
653 1620 768 1651 omnia
783 1620 920 1662 ingenio
931 1622 1125 1664 animoque,

414 1678 515 1711 quam
531 1667 670 1702 fortuna
686 1670 789 1703 usus!
822 1671 995 1705 Acidalius.
1040 1673 1126 1706 Ante

413 1721 532 1762 omnia]
555 1720 731 1753 Acidalius
747 1722 834 1763 legit
848 1722 882 1754 in
897 1723 1011 1755 omnia.
1057 1724 1126 1756 Sed

414 1771 498 1804 nihil
525 1772 735 1805 mutandum.
790 1773 876 1805 Ante
903 1774 1007 1806 omnia
1035 1776 1128 1807 valet

412 1822 582 1863 proecipue.
630 1823 716 1856 Quis
732 1824 844 1856 nescit
867 1824 950 1857 illud
970 1826 1126 1858 Maronis

416 1873 545 1915 Georg.
554 1882 596 1906 11.
606 1873 617 1891 ‘
626 1874 758 1906 Dulces
769 1879 849 1906 ante
861 1876 973 1907 omnia
985 1877 1126 1909 Musae?

415 1923 473 1956 Sic
489 1929 527 1956 et
541 1924 673 1957 Plinius
689 1934 770 1957 vm.
796 1928 851 1957 37.
873 1926 883 1943 ‘
901 1927 988 1960 Quae
1006 1931 1126 1960 natura

415 1976 547 2017 mimis,
561 1980 598 2009 et
613 1981 693 2009 ante
710 1978 834 2018 omnia,
849 1978 961 2010 ursis?
1006 1979 1128 2011 Sueto-

415 2027 492 2060 nius
505 2027 541 2059 in
557 2028 734 2069 Caligula:
757 2029 767 2047 ‘
786 2029 1036 2065 Destinaverat
1058 2031 1126 2063 Mi-

416 2078 479 2112 leti
490 2078 712 2120 Didymaeum
727 2089 906 2120 peragere,
918 2079 951 2112 in
963 2080 1050 2122 jugo
1066 2081 1125 2114 Ai-

417 2129 513 2171 pium
529 2130 649 2161 urbem
665 2130 838 2170 condere;
862 2131 925 2162 sed
952 2135 1032 2164 ante
1057 2142 1127 2165 om-

415 2181 482 2213 niav
500 2180 669 2212 Isthmum
695 2181 731 2212 in
757 2180 891 2213 Achaia
916 2181 1125 2223 perfodere)

417 2231 574 2264 Plurima
601 2232 788 2263 etiamnum
816 2232 917 2273 hujus
944 2233 1127 2266 locutionis

419 2283 578 2324 exempla
589 2281 762 2322 afferrem,
773 2282 839 2314 nisi
855 2283 1030 2316 studerem
1045 2291 1127 2318 ante

418 2332 533 2366 omnia
549 2333 722 2366 brevitati.
751 2333 888 2366 Vossius.

462 2384 551 2416 cap.
568 2386 624 2415 24.
654 2384 691 2415 C.
708 2384 840 2416 Flavius
864 2385 1021 2428 Fimbria]
1045 2387 1127 2420 Plu-

419 2435 531 2469 tarch.
548 2435 641 2477 Syll.
662 2434 780 2467 Aurei.
808 2435 901 2468 Vict.
927 2437 988 2469 vir.
1020 2437 1126 2470 illust.

418 2495 505 2519 Lxx.
548 2486 622 2519 Liv.
641 2486 736 2526 Epit.
754 2494 912 2518 nxxxur.
938 2487 1081 2520 Boecler.

433 2537 577 2578 .'Forte]
613 2536 703 2568 Illud
725 2535 815 2574 forte
844 2541 1042 2578 suspectum
1074 2543 1128 2571 est

421 2587 550 2630 Lipsio.
597 2586 671 2618 Lib.
697 2590 764 2618 vet.
785 2589 890 2626 ponte.
937 2587 1048 2629 Forte]
1082 2589 1128 2621 Et

419 2638 606 2676 virtutibus
626 2637 986 2678 Magni'Mithridatis,
1002 2644 1037 2670 et
1050 2640 1128 2672 Vel-

419 2689 499 2729 leio,
524 2689 630 2721 etiam
649 2688 828 2730 insignem,
855 2698 929 2720 mea
945 2691 1128 2732 sententia,

421 2739 583 2781 iujuriam
597 2737 742 2779 faciunt,
756 2739 814 2781 qui
827 2738 1027 2780 emendant,
1031 2740 1128 2780 sorti.

422 2790 497 2831 Ego
505 2788 596 2828 forte
609 2789 765 2821 omnibus
782 2789 892 2821 niudis
909 2790 1129 2826 retinendum

421 2847 572 2881 oensem
595 2844 636 2874 ut
658 2839 756 2872 dicat
771 2839 938 2882 Velleius,
962 2849 1043 2886 casu
1060 2851 1132 2876 ma-

717 247 862 280 NOTAE
896 247 1165 280 vammum
1198 248 1251 280 IN
1284 247 1574 282 PATEROULI

1171 345 1236 388 gis,
1249 355 1350 388 quam
1366 346 1495 379 virtute
1508 344 1686 387 Fimbria,
1698 334 1881 379 Mithrida·

1172 400 1241 427 tem
1257 405 1335 428 esse
1344 397 1496 438 Apuleium
1525 396 1665 428 Vossius.
1703 398 1727 411 ¹·

1216 447 1259 478 P.
1275 446 1404 488 Loem]
1425 447 1536 479 Aldus
1558 446 1732 480 verisimili
1746 447 1883 490 conjeea

1173 501 1249 530 tura
1260 498 1348 539 legit
1363 498 1521 539 Popillius
1535 497 1657 530 Iam.
1690 497 1753 530 Nil
1765 497 1882 530 uum

1172 554 1305 581 temere
1320 549 1530 582 mutandum.
1576 550 1683 582 Forte
1698 549 1788 582 enim
1801 549 1882 582 huie

1171 609 1295 632 nomen
1320 599 1389 632 fuit
1412 600 1455 632 P.
1472 600 1629 642 Popillius
1645 599 1766 632 [ΑΒΜ.
1796 599 1882 632 *Sed

1172 649 1217 682 de
1231 649 1298 682 hoc
1312 649 1395 682 nihil
1411 660 1591 692 possumus
1608 649 1792 691 affirmare,
1803 655 1883 683 eun

1173 701 1264 743 apud
1278 707 1427 734 caeteros
1449 702 1636 744 scriptores
1658 702 1885 735 Ima-usli·-

1167 752 1226 794 jus
1242 753 1336 784 nulla
1350 758 1449 785 extet
1464 754 1605 786 mentio.
1628 753 1737 785 Idem.
1847 764 1861 773 ¹*

1217 803 1295 835 Sex.
1307 803 1480 845 Iawilium]
1492 803 1702 836 Plutarchus
1711 803 1746 835 in
1759 803 1884 844 Mario,

1173 854 1284 896 ipsum
1309 855 1461 887 Marium
1478 858 1655 886 auctorem
1671 854 1771 896 hujus
1798 853 1885 889 sueti

1175 905 1249 936 edit
1264 916 1273 937 ε
1297 905 1404 937 sedin
1418 915 1458 938 eo
1471 906 1579 947 legas,
1587 905 1704 946 Σεξτδν
1713 907 1862 939 Λουκῖναν
1871 917 1882 939 :

1175 956 1309 988 Sextum
1325 957 1492 990 Lucinam.
1539 957 1717 998 Nostrum,
1731 957 1883 990 anilium

1175 1006 1359 1038 rescribis?
1407 1007 1544 1049 Lipsius.
1602 1007 1680 1041 Sex.
1707 1007 1882 1050 Lucilium]

1174 1056 1383 1089 Plutarchus
1407 1057 1441 1089 in
1458 1058 1585 1099 Mario,
1611 1063 1649 1091 et
1667 1059 1884 1100 Epitomator

1175 1107 1263 1139 Livii
1278 1107 1338 1139 lib.
1354 1117 1466 1141 Lxxx.
1483 1109 1635 1150 produnt
1650 1110 1724 1152 ipso
1734 1109 1805 1151 die,
1816 1116 1884 1153 quo

1175 1159 1307 1190 Marius
1322 1168 1389 1191 vu.
1405 1160 1619 1192 consulatum
1635 1160 1724 1201 iniit,
1738 1161 1885 1194 Sextum

1175 1209 1342 1242 Lucinum
1359 1210 1402 1242 de
1417 1210 1564 1252 Tarpeia
1583 1220 1671 1253 rupe
1687 1211 1885 1254 praecipita-

1175 1265 1260 1293 tum.
1306 1260 1477 1293 Vicinitas
1502 1261 1678 1294 nominum
1703 1261 1885 1295 idemfae-

1175 1318 1248 1346 tum
1263 1324 1340 1346 esse
1362 1314 1497 1347 suadet.
1544 1315 1591 1347 Et
1607 1314 1709 1347 valde
1729 1314 1813 1346 mihi
1829 1324 1886 1348 ve-

1175 1365 1327 1407 risimile,
1340 1366 1510 1406 Lucilium,
1533 1366 1704 1398 notiorem
1722 1365 1886 1407 librariis,

1175 1416 1329 1449 Larinum
1343 1426 1363 1448 e
1375 1421 1543 1450 contextu
1560 1418 1763 1450 removisse:
1791 1417 1884 1449 ulad

1175 1471 1292 1500 tamen
1321 1468 1479 1510 interest,
1518 1468 1610 1511 quod
1640 1468 1762 1501 Lucini
1791 1477 1885 1501 mors

1176 1519 1315 1551 biennio
1341 1529 1383 1551 ea
1409 1519 1592 1561 anticipet,
1613 1528 1689 1561 quae
1713 1523 1795 1551 ante
1807 1519 1886 1551 h‘aee

1177 1570 1284 1603 verba
1310 1571 1430 1602 retulit
1457 1570 1621 1602 Velleius.
1678 1569 1751 1603 Aut
1777 1570 1885 1612 igitur

1177 1621 1349 1653 diversam
1385 1622 1620 1654 narrationem
1657 1630 1734 1653 esse
1765 1619 1886 1653 existi·

1178 1671 1339 1703 mundum
1356 1676 1427 1703 est:
1452 1675 1524 1711 aut,
1547 1670 1658 1714 qnod
1667 1671 1780 1712 potins
1794 1673 1887 1712 reor,

1179 1722 1351 1755 Velleium
1375 1723 1503 1755 biennii
1524 1723 1781 1755 anachronismo
1803 1725 1887 1786 pec-

1178 1782 1286 1813 casse.
1314 1773 1453 1806 Vossius.
1742 1786 1745 1789 ’

1219 1823 1307 1855 Saxo
1326 1824 1473 1866 Tarpeio]
1507 1825 1561 1857 Ex
1591 1834 1661 1867 qua
1687 1834 1775 1867 rupe
1803 1825 1885 1859 olim

1178 1875 1330 1907 damnati
1372 1876 1691 1918 praecipitabantur.
1749 1876 1886 1911 Gelli-s

1177 1925 1299 1967 refert,
1322 1935 1381 1958 eos
1403 1936 1538 1969 quoque
1563 1927 1800 1968 praecipitatos
1827 1927 1887 1970 qui

1177 1975 1300 2008 falsum
1317 1976 1483 2009 dixissent
1500 1977 1745 2010 testimonium.
1783 1977 1887 2010 veet-

1178 2034 1252 2059 tum
1269 2031 1402 2069 postea,
1417 2028 1438 2060 Ι.
1455 2028 1484 2059 si
1498 2027 1643 2067 diutino,
1664 2028 1710 2061 D.
1723 2028 1769 2061 de
1784 2028 1887 2061 Pes.

1221 2077 1331 2119 Metu]
1353 2077 1410 2110 Ita
1435 2078 1520 2119 legit
1535 2078 1727 2111 Burrerins.
1755 2079 1886 2140 Vulgo

1178 2133 1255 2161 erat
1270 2132 1367 2161 motu.
1517 2145 1521 2148 «

1220 2179 1312 2221 Aqua
1338 2179 1480 2221 ignique]
1530 2181 1610 2214 Qua
1639 2179 1889 2248 interdictione

1179 2231 1255 2273 quis
1270 2231 1303 2263 iu
1319 2231 1459 2263 exilium
1475 2231 1705 2263 mittebatur.
1822 2237 1835 2245 ··

1220 2281 1338 2322 Legati
1352 2282 1560 2323 Parthorum]
1584 2281 1674 2314 Nam
1699 2285 1781 2314 ante
1806 2290 1889 2319 em

1177 2330 1270 2362 diem
1285 2331 1368 2362 nihil
1377 2332 1573 2364 commercii
1584 2332 1886 2372 intercessissein?

1178 2385 1232 2413 ter
1245 2386 1422 2424 utramque
1438 2387 1590 2424 gentem,
1606 2383 1885 2427 singularemque

1176 2433 1281 2473 Syllae
1298 2442 1372 2465 eam
1387 2432 1591 2466 felicitatem
1604 2434 1782 2476 obtigisse,
1791 2435 1898 2478 quod>

1178 2493 1254 2515 cum
1284 2483 1359 2524 ipso
1387 2484 1532 2524 primum
1559 2484 1683 2516 Parthi
1708 2485 1898 2520 societatis,

1178 2534 1409 2577 amicitiaeque
1419 2536 1578 2575 gerendae
1589 2545 1707 2568 caussa
1715 2536 1899 2578 congre-si,-

1177 2584 1258 2624 sint,
1282 2584 1488 2616 Plutarchus
1505 2585 1538 2616 in
1554 2585 1650 2627 Sylla
1674 2590 1795 2618 auctor
1818 2590 1900 2622 est-'2

1178 2635 1406 2667 Memorabile
1436 2642 1488 2668 est
1523 2636 1564 2668 ‘in
1594 2636 1653 2668 illo
1682 2645 1885 2678 congressu,

1180 2685 1269 2726 quod
1286 2695 1360 2717 cum
1383 2686 1476 2727 Sylla
1501 2691 1571 2718 tres
1596 2687 1695 2719 sedes
1721 2687 1802 2728 poni
1812 2687 1902 2730 juta·

1178 2736 1294 2775 sisset,
1332 2745 1434 2768 unam
1464 2735 1704 2778 Ariobarzani,
1738 2739 1885 2774 alteram

1181 2785 1342 2818 O-robazo
1356 2785 1402 2828 (is
1418 2786 1559 2828 legates
1569 2787 1775 2821 Parthorum
1790 2786 1896 2830 enat)

1181 2837 1247 2871 sibi
1262 2837 1424 2880 mediam,
1451 2837 1668 2881 ”quemdem
1687 2838 1785 2875 inter
1797 2838 1898 2875 duum
