2008 3210
356 248 443 293 436

361 356 595 397 Casaubonus,
623 363 729 387 unum
765 362 840 386 esse
877 350 1075 394 Eusebium,

361 409 421 451 qui
439 407 541 440 Lollii
556 405 658 447 hujus
674 415 741 438 non
757 404 890 438 cladem
918 403 980 436 sed
1002 403 1074 436 vic-

359 459 484 492 toriam
509 460 689 502 memoret.
733 455 851 488 Verba
878 455 954 488 haec
983 458 1075 495 sunt,

362 509 526 543 Chronic.
540 508 631 541 libro
644 507 779 550 priore:
805 507 816 525 ‘
830 506 1022 539 Germanos
1038 505 1072 538 in

362 568 583 594 armaversos
593 559 644 591 M.
654 557 785 591 Lollius
798 556 962 599 superat!
993 555 1074 589 Non

359 611 536 656 putandus
552 614 605 643 est
620 613 735 642 autem
757 618 911 652 pugnare
925 618 1004 642 cum
1018 617 1074 640 ce-

360 664 445 697 teris
475 661 673 695 Eusebius:
713 663 905 703 acceperat*
937 658 1075 702 quidem

362 712 492 747 Lollius
517 713 652 746 cladem
681 712 842 755 aliquam,
873 711 935 745 sed
966 710 1074 743 victus

362 777 433 799 non
463 770 539 798 erat
569 766 694 808 plane:
729 765 810 807 quin
840 765 966 807 potius,
997 773 1074 796 cum

362 827 443 849 mox
459 818 578 850 hostes
597 819 800 859 apparatum
816 816 890 857 ejus
906 815 1075 857 audirent,

362 870 398 901 in
427 878 522 901 suam
552 872 680 901 terram
712 867 872 909 regressi,
898 866 1076 899 obsidibus

362 920 454 952 datis
470 929 592 962 pacem
608 922 835 960 acceperunt,
850 922 941 950 teste
952 917 1076 950 Dione.

361 970 433 1003 Sed
450 974 487 1003 et
506 973 610 1002 antea
624 969 735 1001 victos
749 978 768 1000 a
791 968 915 1008 Lollio,
932 977 975 1000 ex
1003 967 1077 1000 Ob-

361 1025 527 1064 sequente
556 1020 697 1063 probari
726 1023 855 1062 potest.
913 1018 1076 1051 Meminit

363 1073 440 1114 ejus
452 1071 561 1104 cladis
576 1072 662 1103 Tac.
675 1070 718 1103 A.
733 1080 759 1103 1.
777 1074 831 1104 10.
843 1073 874 1103 6,
898 1070 1077 1102 Βοεοῑενιιε.

406 1122 518 1155 Dmso
543 1121 691 1163 Claudio]
725 1121 838 1154 Periit
863 1121 960 1163 lapsu
986 1120 1076 1163 equi,

362 1174 478 1206 fracto
502 1179 615 1214 crure,
636 1173 727 1205 intra
743 1172 956 1205 tricesimum
975 1172 1078 1214 diem,

361 1225 492 1258 Livius.
518 1224 704 1257 Conditum
720 1234 845 1267 corpus
856 1224 891 1256 in
907 1223 1076 1256 tumulum

363 1276 513 1308 Caesaris
529 1274 700 1317 Augusti:
727 1275 806 1308 Dio.
852 1274 987 1307 Laudes
1002 1273 1077 1316 ejus

362 1326 454 1369 apud
472 1327 597 1360 Horat.
610 1326 671 1359 lib.
686 1335 737 1358 lv.
755 1326 906 1359 Carmin.
927 1330 963 1358 et
979 1324 1079 1358 Albi·

363 1386 533 1411 novanum
553 1377 666 1420 elegia
692 1376 737 1409 ad
760 1376 893 1409 Liviam
918 1379 1077 1409 matrem.

363 1428 550 1470 Schegkius.

406 1479 558 1522 Perficit]
585 1479 700 1521 Vulgo
720 1478 869 1522 percipit.
914 1478 991 1520 Ego
1008 1487 1078 1510 om·

362 1531 444 1563 nino
453 1530 626 1571 mavelim,
637 1529 796 1562 industria
803 1528 941 1572 perficit.
987 1529 1077 1561 Nam

363 1582 493 1615 semina
510 1580 666 1624 quaedam
690 1584 728 1613 et
753 1580 894 1622 igniculi
910 1579 1078 1611 virtutum

362 1634 399 1666 in
420 1633 518 1666 nobis
531 1636 622 1673 sunt,
642 1642 727 1675 quos
743 1631 840 1664 elicit
855 1630 1028 1663 industria
1043 1634 1080 1663 et

365 1684 409 1716 ad
424 1683 561 1726 frugem
577 1683 887 1725 maturitatemque
905 1681 1078 1723 perducit.

364 1735 593 1769 Quinctilian.
619 1743 661 1766 eo
677 1743 798 1766 sensu:
836 1733 846 1752 ‘
863 1733 985 1766 Virtus
1011 1732 1079 1765 etsi

364 1785 532 1828 quosdam
554 1786 704 1828 impetus
720 1795 740 1817 a
753 1788 879 1817 natura
894 1784 1012 1825 sumit,
1028 1788 1079 1816 ta-

364 1845 443 1869 men
467 1835 679 1878 perficienda
702 1835 862 1868 doctrina
887 1834 964 1867 est.'
989 1835 1080 1877 Lips.

364 1886 526 1928 percipit]
562 1887 658 1919 Malo
685 1884 763 1919 cum
792 1885 922 1928 Lipsio,
941 1886 1080 1928 perficit.

363 1937 422 1970 Sic
437 1934 541 1979 supra
554 1936 599 1969 de
616 1937 777 1970 Graccho
793 1936 943 1979 legitur:
970 1937 980 1953 ‘
994 1936 1080 1968 Tan-

364 1987 411 2020 tis
418 1986 565 2030 denique
575 1987 762 2019 adornatus
771 1986 965 2026 virtutibus,
974 1995 1080 2029 quan-

364 2043 419 2070 tas
436 2032 594 2080 ‘perfecta
618 2034 740 2071 natura
755 2042 792 2071 et
807 2037 976 2070 industria
991 2047 1080 2070 mor-

365 2088 445 2121 talis
460 2088 614 2121 conditio
629 2087 776 2130 recipit!
805 2086 942 2121 Vossius.

408 2139 497 2172 CAP.
505 2142 558 2172 98.
568 2138 676 2171 Atrox
684 2139 718 2171 in
728 2138 865 2171 Thracia
874 2138 1002 2180 bellum]
1015 2138 1079 2171 Dio

357 2199 484 2234 >mv-p.
499 2193 576 2223 624.
599 2190 694 2222 Flor.
710 2199 759 2222 lv.
776 2192 830 2222 12.
848 2192 901 2222 1⁷.
934 2189 1079 2221 Boecaeer.

415 2242 547 2284 Vigore]
571 2241 624 2274 Cl.
640 2241 832 2281 Puteanus,
847 2240 968 2281 rigore.-
988 2240 1078 2282 quod

359 2292 490 2325 -libens‘
508 2293 714 2335 amplector.
754 2291 905 2324 Pulchre
931 2292 965 2323 in
991 2292 1080 2325 hanc

364 2353 438 2376 rem
454 2342 594 2387 Plinius,
605 2342 664 2375 lib.
679 2351 747 2375 vn.
771 2342 872 2385 epist.
888 2345 942 2375 20.
968 2344 977 2360 ‘
996 2342 1079 2374 Pul-

365 2394 571 2428 cherrimum
595 2398 632 2425 et
656 2393 936 2426 humanissimum
962 2393 1079 2425 existi-

365 2454 436 2485 mo,
456 2444 491 2476 in
512 2444 586 2476 vita
609 2443 837 2476 severitatem
864 2443 1078 2476 comitatem-

365 2505 435 2538 que
463 2495 625 2537 miscere,
651 2504 695 2527 ne
723 2487 783 2527 ill'a
819 2495 855 2527 in
886 2495 1079 2536 tristitiam,

366 2547 442 2579 haec
457 2540 733 2587 in‘petulantiam
750 2544 941 2587 procedat!
982 2546 1081 2588 Ejus·

367 2596 446 2628 dem
463 2599 582 2629 sensus
594 2592 691 2628 villud
700 2596 848 2629 ‘Catonis
863 2597 899 2629 in
914 2596 1080 2629 Distiehis

368 2647 427 2680 lib.
444 2657 470 2681 1.
485 2650 505 2666 '‘
519 2647 691 2680 Constans
713 2651 750 2680 et
765 2647 861 2688 lenis,
876 2651 917 2679 ut
940 2657 994 2679 res
1022 2657 1081 2680 ex-

368 2699 542 2740 posmlat,³
567 2702 667 2732 esto:
714 2697 941 2740 Temporibus
972 2707 1082 2730 mores

369 2748 506 2790 sapiens
532 2750 606 2782 sine
637 2749 781 2782 crimine
809 2747 946 2780 mutat!
991 2748 1083 2781 Con-

369 2800 499 2832 stantia
513 2801 603 2832 enim
620 2809 682 2842 pro
699 2800 812 2842 rigore
828 2799 978 2842 ponitur.
1007 2799 1083 2832 Vos-

369 2851 447 2884 nim.
486 2851 618 2892 vigore]
635 2850 677 2884 Iu
690 2860 766 2892 eam
781 2854 931 2884 mentem
944 2852 981 2882 et
994 2848 1083 2883 infra

664 258 808 290 NOTAE
841 255 1113 290 VARIORUM
1148 255 1203 288 m
1239 252 1525 289 PA'rERcULx

1126 350 1170 384 de
1180 351 1303 385 Seiano
1317 363 1325 385 :
1341 351 1352 370 ⁴
1362 351 1518 385 Priscam
1530 349 1735 394 gravitatem
1749 356 1835 385 sern-

1124 412 1188 445 per
1199 403 1411 438 humanitate
1424 402 1643 445 temperans!
1688 403 1734 435 Et
1747 401 1834 435 infe-

1125 454 1196 487 rius
1225 455 1268 487 de
1298 454 1441 487 eodem:
1465 454 1608 487 ‘Virum
1638 453 1835 487 severitatis
1870 487 1872 490 ,

1126 506 1326 547 laetIssimae‚
1349 507 1534 540 hilaritatis
1556 505 1703 548 priscae.'
1736 504 1835 548 Apu-

1123 557 1211 590 leius
1225 566 1267 589 11.
1284 557 1412 591 Florid.
1429 555 1673 599 pulcherrime,
1685 554 1697 574 ⁴
1713 551 1836 589 Gravi·
1871 589 1879 594 ,

1125 611 1179 640 tas
1188 607 1358 649 jucunda,
1376 607 1471 639 mitis
1488 606 1685 647 austeritas,
1698 603 1837 648 placid·

1125 658 1333 699 constantia,
1348 657 1564 700 blandusque
1589 657 1683 699 rigor
1702 654 1836 688 'animil

1126 710 1183 742 Sic
1198 710 1287 742 enim
1305 709 1353 741 ibi
1367 710 1448 751 lego
1463 717 1540 741 cnm
1555 705 1784 750 Antiquitatis
1799 704 1837 739 et

1126 760 1292 795 doctrinae
1314 760 1424 792 omnis
1443 759 1628 801 coryphaeo
1653 757 1690 792 J.
1705 756 1836 815 lipsio,

1126 815 1162 843 et
1177 810 1323 843 Veneris
1343 809 1615 852 Gratias-umque
1638 817 1659 840 e
1674 798 1838 849 minianu

1126 865 1224 894 corte
1253 861 1347 903 pullo
1374 861 1467 894 Jano
1493 860 1614 892 Dousa
1642 858 1681 891 F.
1706 857 1836 890 Auson.

1127 911 1392 944 Parentalibus.
1444 911 1518 943 ‘Et
1548 908 1701 952 gravitas
1728 908 1837 941 comis

1125 964 1276 1006 laetaque
1291 961 1459 995 serietas!
1492 960 1671 994 Acidaliae.

1171 1015 1263 1048 CAP.
1276 1017 1331 1046 99.
1358 1011 1576 1053 emor-tione]
1592 1009 1737 1043 vaihte
1752 1019 1838 1043 voce

1128 1065 1252 1098 Cicero
1284 1061 1604 1098 offic-lib.11r.‘
1617 1061 1839 1094 Dissolvatur

1127 1127 1267 1151 necesse
1283 1121 1336 1150 est
1351 1115 1458 1158 omnis
1469 1115 1619 1149 humana
1633 1113 1840 1147 consortio’
1818 1124 1829 1146 ι

1127 1168 1278 1201 Lucilius
1312 1167 1373 1200 lib.
1405 1175 1485 1199 xlx.
1534 1165 1627 1208 apud
1662 1164 1837 1204 Nouiumg

1120 1221 1139 1245 -‘
1157 1218 1399 1252 Consortium!
1430 1211 1568 1259 Schegk'.
1679 1217 1681 1219 ’

1172 1271 1267 1314 Reip.
1298 1271 1402 1303 lumen
1427 1273 1459 1303 ee
1484 1269 1594 1311 caput]
1616 1269 1711 1302 Scite
1726 1267 1841 1301 admo·

1128 1322 1210 1355 dum
1228 1321 1384 1355 ‘lumen'
1407 1326 1446 1354 et
1467 1322 1478 1340 ⁴
1493 1319 1620 1363 caput'
1637 1319 1779 1362 junxit:
1802 1323 1840 1352 et

1117 1382 1232 1416 ‘supra
1247 1374 1291 1407 de
1307 1374 1449 1407 Caesare
1465 1377 1502 1405 et
1523 1371 1712 1414 Pompeio:
1734 1372 1745 1390 ⁶
1759 1370 1839 1404 Col-

1128 1425 1192 1458 lisa
1215 1425 1308 1458 inter
1329 1434 1366 1457 se
1383 1423 1451 1456 duo
1468 1422 1569 1464 Reip.
1595 1421 1724 1464 capita,
1738 1419 1839 1461 effos-

1127 1474 1270 1519 sumque
1305 1476 1454 1507 alterum
1491 1472 1593 1506 Rom.
1621 1471 1759 1515 imperii
1788 1473 1840 1507 lu-

1127 1525 1230 1559 men!
1261 1524 1394 1557 Acidal.

1173 1575 1358 1609 Incredibili
1379 1578 1474 1616 atque
1487 1572 1693 1606 inenarrabili
1704 1573 1842 1616 pietate]

1120 1627 1335 1660 vAdulatorie
1348 1626 1424 1659 haec
1449 1625 1494 1658 de
1514 1624 1654 1658 Tiberio
1674 1620 1840 1664 Velleius,

1129 1682 1170 1711 ut
1185 1678 1255 1710 alia
1277 1677 1408 1710 multa:
1432 1675 1659 1709 calliditatem
1674 1674 1765 1708 enim
1777 1682 1841 1717 po-

1129 1731 1198 1764 tius
1207 1729 1348 1771 dixerit,
1361 1730 1420 1772 qui
1432 1727 1607 1761 Tiberium
1618 1726 1726 1768 novit,
1737 1735 1840 1770 quam

1129 1782 1308 1824 pietatem.
1345 1778 1531 1812 Suetonius
1557 1777 1687 1810 diserte
1707 1777 1744 1810 in
1759 1777 1842 1811 Tib.

1130 1835 1186 1866 10.
1226 1836 1334 1864 totam
1363 1841 1437 1863 rem
1465 1828 1723 1872 complectitur.
1747 1828 1760 1847 ⁴
1775 1828 1843 1866 Tot

1130 1883 1303 1926 prosperis
1313 1880 1578 1923 confluentibus,
1587 1881 1724 1922 integra
1734 1883 1842 1913 aetate

1130 1939 1167 1968 et
1194 1934 1394 1967 valetudine
1423 1933 1548 1966 statuit
1571 1935 1718 1975 repente
1745 1939 1841 1964 sece-

1130 1986 1224 2028 dere,
1241 1995 1346 2029 seque
1362 1995 1382 2017 e
1396 1984 1510 2017 medio
1522 1993 1624 2026 quam
1644 1980 1841 2025 longissime

1130 2047 1302 2070 amovere..
1345 2035 1500 2069 Dubium
1529 2034 1692 2066 uxorisne
1721 2033 1841 2074 taedio,

1130 2098 1230 2132 quam
1256 2097 1370 2130 neque
1390 2085 1565 2119 criminari
1588 2083 1840 2117 autdimitte're

1130 2139 1288 2180 auderet,
1302 2147 1415 2180 neque
1427 2137 1518 2169 ultra
1530 2133 1689 2178 perferre
1701 2139 1839 2178 possetg

1129 2199 1173 2222 an
1189 2195 1229 2222 ut
1243 2189 1356 2222 vitato
1372 2187 1584 2220 assiduitatis
1598 2185 1751 2227 fastidio,
1761 2195 1842 2218 auc-

1131 2241 1308 2272 toritatem
1346 2238 1504 2271 absentia
1538 2241 1698 2270 tueretur
1733 2241 1839 2278 atque

1129 2286 1235 2323 etiam
1251 2294 1405 2332 augeret,
1424 2289 1454 2320 si
1473 2287 1610 2330 quando
1634 2286 1841 2328 indiguisset

1129 2342 1181 2374 sui
1218 2340 1385 2382 Respubl.
1442 2338 1593 2373 Quidam
1631 2337 1843 2378 existimant,

1128 2393 1255 2426 adultis
1279 2392 1352 2434 jam
1382 2389 1530 2432 Augusti
1555 2388 1789 2431 liberis,'loco
1802 2393 1842 2420 et

1129 2443 1225 2486 quasi
1255 2441 1470 2484 possessione
1495 2439 1650 2482 usurpati
1674 2448 1695 2471 a
1719 2447 1758 2470 se
1781 2437 1840 2470 diu

1127 2492 1269 2526 secundi
1292 2491 1417 2534 gradus
1444 2494 1569 2533 sponte
1603 2489 1760 2530 cessisse,
1781 2498 1840 2521 ex-

1129 2545 1243 2586 emplo
1260 2544 1310 2576 M.
1326 2542 1508 2584 Agrippae,
1530 2541 1588 2583 qui
1602 2540 1654 2573 M.
1669 2539 1840 2574 Mar-aeuo

1129 2594 1174 2628 ad
1190 2603 1335 2626 munera
1358 2592 1498 2635 publica
1524 2592 1676 2631 admoto,
1700 2589 1843 2631 Mityle-

1118 2644 1189 2677 'uas
1204 2644 1350 2684 abierit;
1372 2652 1415 2675 ne
1437 2647 1499 2675 aut
1522 2642 1673 2680 obstare,
1697 2644 1758 2673 aut
1782 2640 1843 2672 ob.-

1130 2700 1283 2729 trectare
1319 2703 1472 2737 praesens
1508 2692 1700 2732 videretur,
1735 2699 1840 2739 ‚quam

1130 2755 1286 2779 caussam
1302 2750 1338 2777 et
1354 2746 1442 2787 ipse,
1458 2744 1519 2776 sed
1535 2741 1679 2786 postea,'
1691 2742 1740 2784 (V.
1753 2742 1840 2783 Cap.

1131 2796 1204 2839 11.)
1217 2798 1228 2815 ‘
1240 2796 1405 2829 reddidit.
1431 2795 1531 2827 Tunc
1545 2797 1660 2825 autem
1676 2791 1841 2825 bonorum

1131 2848 1341 2890 satietatem,
1355 2855 1396 2879 ac
1412 2844 1564 2890 requiem
1581 2843 1738 2889 laborum
1753 2851 1841 2885 prur-
1891 2890 1893 2893 .
1909 2830 1916 2835 ¹
