2008 3210
363 241 450 285 412
669 254 812 286 NOTAE
848 254 1115 287 unionum
1149 254 1200 286 m
1237 254 1522 288 pumicum

362 347 420 380 τὸν
444 347 549 390 καιρὸν
573 346 762 389 ἡγουμένων.
791 348 921 381 QAaeo
909 359 943 381 m
956 349 1071 382 discor-

363 399 426 431 diis
451 399 621 432 intestinis
651 399 798 442 bellisque
827 401 932 432 omnia
952 403 1072 442 proeter

363 450 518 482 rationem
540 450 698 490 eveniunt,
725 450 778 482 nbi
794 450 848 491 qui
862 460 968 482 rerum
987 451 1071 492 poti-

363 503 472 540 untur,
485 511 547 532 non
560 511 602 532 ex
616 510 652 532 re
666 499 798 540 acJ'ure,
809 501 863 532 sed
876 511 916 532 ex
929 501 1072 534 utilitate

362 561 419 583 sua
433 562 470 583 ac
482 551 710 584 necessitudine
729 552 845 583 amicos
868 552 1071 594 inimicosque

362 602 559 641 existimant,
583 605 676 643 atque
688 602 758 633 ideo
769 600 982 634 eosdem''nunc
992 604 1070 634 ami-

362 663 424 692 cos,
436 663 516 693 nunc
530 653 690 693 inimicos,
710 655 922 694 pmtempore
936 656 968 684 et
990 663 1072 695 proe-

362 705 444 737 senti
469 704 644 736 conditione
679 703 805 736 habent.
863 703 1072 745 Dignissima

363 759 475 796 erant,
492 765 568 798 quae
579 755 635 787 hic
647 765 667 787 e
677 755 792 787 Dione
803 757 934 788 xxmn'.
948 765 982 797 p.
993 758 1070 789 427.

362 807 562 848 legerentur
577 806 695 838 verba.
719 806 860 839 Boecler.

371 869 374 873 ·
411 857 546 898 Urebat]
570 858 713 890 Frustra
727 857 920 899 conjector,
943 857 1002 901 qui
1017 868 1071 890 ur-

359 909 466 950 gebat.
510 909 617 941 Varie
647 913 814 950 usurpata
840 919 882 942 ea
909 907 998 942 vox:
1021 910 1071 942 sic

363 965 492 1002 tamen,
507 964 546 992 ut
561 970 639 992 cum
655 970 675 992 a
689 960 800 1001 prima
822 959 1071 1001 significatione

361 1010 532 1053 desciscit,
546 1021 611 1053 per
625 1011 765 1053 affligere
778 1011 980 1054 plerumque
995 1011 1072 1044 red·

362 1062 398 1094 di
414 1062 535 1104 possit.
557 1061 733 1093 Acidalius.

370 1130 377 1134 τ
405 1112 446 1145 In
460 1112 519 1155 quo
531 1116 667 1154 paterna
682 1111 806 1153 domus]
844 1111 980 1144 Carinae
995 1116 1071 1145 erat

362 1172 486 1196 nomen
503 1163 569 1196 vici
585 1163 730 1195 Romani
761 1163 805 1195 ad
833 1163 960 1204 pedem
987 1163 1070 1196 clivi

361 1214 561 1256 Capitolini,
585 1214 620 1246 in
646 1224 714 1257 quo
741 1217 813 1246 tum
843 1218 920 1247 erat
947 1213 1069 1247 domus

362 1265 535 1307 Pompeii.

405 1317 446 1348 In
460 1317 517 1349 hoc
541 1317 630 1359 pacis
647 1317 786 1358 foedere]
824 1317 952 1350 Nescio
982 1328 1067 1361 quo·

361 1367 464 1399 modo
480 1367 561 1399 mihi
576 1368 686 1409 magis
702 1368 884 1409 placebat:
910 1369 998 1401 Inito
1012 1369 1069 1401 hoe

357 1417 447 1458 pacis
461 1416 606 1456 foedere‚·
630 1417 724 1459 qnod
739 1418 804 1449 nisi
822 1427 883 1459 per
899 1422 935 1450 te
950 1417 1068 1459 stabit,

362 1477 425 1509 per
440 1477 495 1500 me
511 1467 615 1500 facile
631 1467 746 1500 cadet.
768 1468 896 1501 Acidal.

405 1519 638 1561 Achaiamque]
673 1518 806 1551 Achaia
820 1520 1007 1561 complecti
1021 1524 1070 1553 to-

363 1573 434 1602 tam
464 1570 647 1602 Graeciam'
667 1579 736 1602 non
766 1569 912 1602 obscure
943 1570 999 1602 hic
1025 1580 1069 1602 ex

333 1644 338 1650 .
364 1619 478 1652 Dione
495 1620 650 1662 colliges,
665 1624 702 1653 et
718 1621 906 1663 provinciae.
926 1620 1069 1654 Achaiae

361 1670 475 1703 inesse
492 1671 664 1703 Graeciam
681 1670 802 1703 docuit
818 1681 863 1703 ex
884 1671 1069 1704 Pausaniae

359 1720 421 1755 lib.
435 1731 503 1754 vn.
526 1721 674 1762 Lipsius.
698 1721 836 1762 Schegk.

368 1789 370 1793 ν
406 1772 463 1804 Ex
477 1771 750 1813 diversisvcausis]
788 1772 916 1814 Inepte
945 1771 1070 1805 Acida-

361 1822 441 1862 lins,
455 1822 580 1858 castris.
625 1824 682 1854 Ex
705 1822 841 1855 diversis
865 1823 969 1855 causis
983 1823 1072 1856 dixit

362 1873 528 1914 Velleius,
552 1873 633 1915 quia
648 1873 704 1906 alii
727 1878 845 1906 essent
871 1874 1072 1916 proscripti,

331 1940 334 1941 ⁷
361 1924 420 1957 alii
434 1925 592 1965 obaerati,
620 1925 678 1957 alii
705 1925 818 1958 auimo
842 1925 875 1956 iu
898 1935 975 1957 eum
991 1935 1071 1967 pro·

359 1975 532 2017 pensiore.
577 1976 655 2009 Quo
669 1974 758 2008 facit
772 1976 858 2009 illud
869 1974 1022 2018 Appiani
1035 1986 1070 2009 v.

361 2025 406 2058 de
428 2026 529 2058 bellis
553 2026 734 2062 clvilibus:
759 2026 919 2067 Πομπήϊος
947 2026 1010 2069 γὰρ
1036 2027 1072 2059 ἐκ

359 2077 424 2117 τῶν
452 2078 653 2118 προγραφῶν,
689 2076 742 2109 καὶ
771 2077 981 2116 κατοικήσων
1014 2078 1073 2110 τοῦ

360 2128 510 2169 στρατοῦ,
521 2126 575 2159 καὶ
587 2129 685 2166 τῆσδε
698 2129 757 2166 τῆς
770 2128 901 2161 Λουκίου
913 2130 1073 2171 διαφορᾶς,

328 2196 331 2197 ⁷
361 2177 413 2214 ἐπὶ
440 2176 527 2219 μέγα
568 2177 676 2219 libens-⁷
701 2178 753 2211 καὶ
790 2177 945 2219 δυνάμεως
981 2178 1068 2221 ἦρτο.

359 2229 531 2271 Pompeius
544 2229 629 2263 enim
643 2239 684 2261 ex
695 2230 896 2271 proscriptis,
907 2233 939 2262 et
955 2230 1073 2263 milita-

358 2279 448 2312 n'bus
460 2279 588 2321 colonis,
602 2283 634 2312 et
647 2280 705 2312 hac
717 2281 785 2322 ipsa
794 2281 887 2313 Lucii
900 2282 1072 2328 simultate,

360 2332 496 2363 multum
510 2331 745 2363 existimatione
768 2341 807 2363 ae
831 2331 949 2364 viribus
972 2341 1073 2364 creve-

359 2386 424 2416 rat.
446 2382 598 2415 Vossius.

369 2434 454 2467 ..Et
477 2433 651 2466 Aruntium
680 2433 826 2475 Actium]
858 2433 1072 2476 Reponenda

360 2487 462 2517 vetus
475 2483 594 2524 lectio,
615 2492 693 2525 quae
710 2483 789 2515 est
779 2493 815 2515 m
831 2483 974 2525 antiqua
998 2483 1071 2516 edi-

362 2533 480 2570 tione.
504 2534 553 2565 Et
567 2533 754 2574 Amantium,
767 2543 806 2566 ac
821 2534 952 2575 Titium,
966 2536 1020 2576 &e-
1034 2538 1072 2567 et

361 2588 483 2626 postea
492 2583 698 2625 legendum:
711 2583 854 2617 Statium
863 2587 968 2617 andem
980 2585 1073 2617 Mur-

360 2643 442 2675 cum,
471 2636 524 2676 &a
558 2637 598 2666 ut
628 2642 734 2676 snpra
761 2633 921 2672 diximus.
962 2635 1070 2672 Ursin-

362 2685 409 2721 Et
423 2684 599 2725 Amntium
622 2683 769 2727 Actium]
791 2684 976 2718 Gentilitia
1001 2684 1071 2718 duo

360 2735 502 2770 nomina
529 2744 712 2776 perperam
731 2735 868 2776 juncta.
920 2735 1071 2777 Sci-ibes,

360 2784 535 2824 Amantium
560 2796 597 2818 ac
625 2785 755 2818 mium.
799 2785 852 2818 M.
863 2785 998 2824 -Autem
1011 2787 1070 2819 'ri-

343 2853 346 2857 ·
364 2834 434 2876 tius
446 2835 557 2882 Dioni
583 2836 794 2881 nominatur,
817 2841 856 2870 et
869 2836 1004 2872 Velleio
1020 2836 1071 2870 bis

1121 347 1223 381 infra.
1248 349 1385 391 Lipsius.

1164 400 1307 433 Statium
1342 405 1447 434 autem
1473 402 1638 444 Marcum]
1687 376 1829 438 Statium

1120 450 1197 493 lege
1221 456 1258 484 et
1279 452 1335 484 hie
1361 457 1399 485 et
1425 453 1521 486 alibi.
1567 454 1674 496 cujus
1699 455 1830 488 exitum

1121 502 1293 543 scripsere
1309 502 1380 535 Dio
1396 511 1524 538 xnvm.
1544 504 1621 547 (ubi
1644 504 1726 538 ficto
1752 515 1830 549 pro·

1121 551 1262 585 ditionis
1273 553 1551 595 crimine,revera
1559 556 1638 589 ideo
1649 556 1831 590 subversus

1121 607 1187 644 est,
1202 604 1283 646 quia
1297 605 1482 646 Pompeius
1496 615 1574 638 enm
1590 606 1731 640 videbat
1753 617 1829 642 esse

1120 653 1303 695 δραστήριον
1323 654 1375 687 καὶ
1404 657 1641 697 φρονηματώᾶη,
1667 661 1831 691 strenuum

1119 705 1259 746 aerisque
1280 706 1391 747 animi,
1417 707 1537 749 quales
1560 708 1831 749 dominantibus,

1121 759 1182 787 aut
1198 756 1426 798 principibus,
1450 758 1509 800 qui
1533 768 1629 791 suam
1652 758 1828 797 fortunam

1071 816 1073 818 ·
1121 806 1235 838 animo
1250 815 1318 838 non
1334 812 1488 849 aequant,
1498 810 1653 851 suspecti
1664 809 1831 853 invisique

1123 855 1220 899 sunt)
1245 861 1283 890 et
1297 858 1444 900 amplius
1459 858 1641 902 Appianns
1658 871 1690 895 v,
1714 862 1831 904 ἐμφνλ.

1121 909 1455 950 p.⁷12.B⁰eclerus.

1169 959 1212 991 Et
1228 959 1443 1002 Menecrates]
1470 961 1588 994 Habet
1603 945 1742 1005 exemp.
1758 967 1830 997 vet.

1120 1012 1153 1042 et
1193 1011 1397 1043 Menotraaes
1431 1011 1656 1051 fastidierant.
1689 1014 1831 1047 Burrer.

1121 1061 1168 1092 Et
1204 1061 1418 1104 Menecrates]
1460 1063 1503 1096 V.
1531 1064 1572 1097 C.
1608 1065 1830 1098 Menotraan.

1120 1112 1237 1153 Forte,
1266 1113 1491 1150 Menai-rates„
1524 1114 1660 1148 Graecis
1690 1115 1830 1158 quidem

1121 1162 1249 1195 dicitur
1275 1163 1492 1206 Μενεκράτηςε
1517 1165 1579 1198 sed
1596 1177 1611 1197 ε
1627 1166 1831 1208 plerumque

1120 1213 1237 1245 Latini
1260 1213 1295 1245 in
1319 1225 1336 1245 ο
1357 1219 1505 1247 mutant.
1549 1215 1830 1256 δίοΠτ-ολεμίίος

1119 1263 1333 1303 Ptolomoeu83
1369 1264 1511 1306 Μεθώνη,
1545 1266 1695 1302 Mothone
1705 1277 1718 1306 ,·
1752 1265 1830 1309 Κέρ-

1119 1325 1206 1356 κυρα,
1224 1316 1385 1357 Corcyra;
1398 1315 1553 1357 Βερενίκη,
1568 1316 1736 1359 Ber-onice,
1746 1317 1829 1350 alia·

1120 1375 1186 1408 que
1201 1366 1303 1407 hujus
1320 1367 1468 1408 generis.
1496 1367 1633 1400 Vossius.

1163 1417 1252 1449 CAP.
1265 1419 1320 1450 78.
1338 1417 1426 1453 Quas
1435 1417 1559 1458 magnis
1567 1416 1745 1459 nmmentis]
1757 1416 1830 1450 Ob-

1118 1477 1218 1499 serva
1226 1468 1388 1501 momentis
1399 1477 1462 1509 pro
1474 1466 1640 1499 motibus:
1655 1467 1829 1510 quomodo

1119 1523 1158 1552 et
1173 1519 1266 1561 apud
1280 1520 1363 1551 alios
1373 1519 1499 1561 legisse
1511 1519 1562 1551 sic
1577 1519 1675 1561 quasi
1692 1529 1755 1561 per
1768 1529 1829 1560 ne-

1119 1569 1236 1602 bulam
1260 1569 1458 1601 meminisse
1484 1569 1614 1602 videor.
1658 1570 1750 1612 Nam
1766 1580 1828 1603 ex-

1119 1620 1257 1662 empla·
1249 1630 1282 1652 in
1300 1623 1462 1661 promptu
1477 1619 1581 1652 nulla.
1626 1619 1736 1657 Immo
1745 1629 1831 1653 ecce

1121 1671 1185 1704 tibi
1210 1681 1313 1716 unum
1339 1672 1495 1713 Seneca,
1517 1671 1630 1714 Epist.
1654 1674 1708 1704 50.
1730 1672 1741 1691 ‘
1758 1672 1830 1712 Ex-

1120 1721 1292 1764 emplum’
1315 1721 1463 1765 (clavi)‘
1476 1732 1498 1754 a
1513 1722 1662 1765 piscibus
1677 1709 1828 1762 tractum

1120 1779 1188 1815 est,
1201 1774 1260 1817 qui
1275 1774 1384 1806 cauda
1400 1779 1580 1816 reguntur,
1605 1779 1643 1807 et
1662 1775 1735 1808 levi
1750 1775 1828 1818 eju·

1119 1824 1154 1856 in
1181 1829 1366 1867 utrumque
1398 1829 1575 1859 momento
1602 1825 1825 1861 velocitatem

1119 1885 1216 1907 suam
1230 1874 1399 1907 flectunt!
1420 1874 1548 1908 Acidal-
1596 1874 1684 1912 Quas
1703 1876 1828 1916 magnis

1119 1927 1297 1968 momentis]
1325 1927 1446 1959 Florus
1468 1936 1519 1959 iv.
1533 1930 1566 1959 9.
1595 1926 1830 1970 adscriptique

1122 1988 1142 2009 a
1158 1977 1319 2010 Camerte
1341 1976 1528 2019 Auctores,
1553 1977 1683 2021 quibus-
1700 1976 1828 2010 adden-

1121 2028 1184 2060 dus
1199 2028 1271 2060 Dio
1286 2036 1417 2060 xr-vm.
1438 2028 1547 2061 Boeel.
1648 2059 1650 2061 ,
1740 2061 1747 2070 ,

1131 2101 1135 2110 .
1166 2079 1399 2121 Intersectoque
1414 2080 1518 2120 legato
1540 2078 1690 2120 Antonii]
1721 2078 1829 2122 Atqui

1121 2131 1180 2163 ille
1196 2141 1234 2163 se
1250 2130 1489 2164 interfecerat.
1534 2131 1679 2164 Florus:
1702 2131 1830 2173 (διατι,

1121 2192 1166 2215 ne
1181 2182 1314 2215 veniret
1328 2182 1364 2214 in
1374 2185 1597 2224 potestatem,
1609 2191 1629 2214 a
1639 2182 1756 2224 gladio
1766 2192 1829 2215 suo

1121 2231 1394 2274 impetraverat?
1411 2231 1552 2275 Lipsius.
1597 2231 1829 2275 Inter-sectoque

1120 2284 1224 2324 legato
1238 2283 1388 2324 Antonii]
1407 2283 1532 2314 Saxam
1560 2282 1726 2324 iutelligit
1747 2283 1829 2316 Vel-

1121 2334 1217 2367 leius.
1260 2333 1370 2375 Atqui
1385 2333 1479 2365 illum
1506 2333 1571 2370 sibi
1594 2343 1715 2371 manus
1739 2333 1830 2371 intu-

1120 2386 1213 2427 lisse‚
1244 2395 1288 2418 ex
1314 2385 1418 2418 Floro
1433 2385 1553 2426 objicit
1567 2386 1715 2428 Lipsius.
1747 2387 1828 2420 -sed

1119 2436 1154 2467 in
1179 2436 1245 2468 hoc
1274 2445 1412 2478 qnoque
1441 2436 1579 2468 Florum
1608 2435 1709 2479 fugit,
1727 2437 1829 2475 ratio.

1120 2485 1208 2517 Mihi
1228 2484 1411 2518 Velleiana
1435 2485 1612 2517 sententia
1638 2486 1828 2526 multo—'ye-

1120 2535 1222 2575 rior;
1255 2535 1450 2576 praesertim
1480 2540 1724 2578 propugnante
1738 2545 1825 2580 ,μω

1121 2586 1237 2618 Dione
1247 2585 1313 2626 lib.
1329 2594 1461 2618 xtvm.
1482 2584 1589 2628 Apud
1604 2586 1829 2629 quemobiter

1119 2645 1254 2678 moneo,
1275 2635 1417 2672 Δεκίδιος
1430 2634 1531 2676 :ideas
1542 2636 1829 2682 legendquim

1120 2685 1227 2729 Ξέξας,
1241 2691 1282 2719 ut
1297 2695 1342 2719 ex
1355 2686 1444 2727 aliis,
1469 2686 1521 2718 ita
1540 2685 1830 2730 anctoritate,Zo·

1120 2747 1227 2779 nai-m,
1255 2737 1332 2780 ejus
1348 2736 1570 2778 exscriptoris
1585 2746 1596 2768 ε
1617 2731 1828 2785 apndjfuam

1119 2793 1238 2821 tamen
1275 2787 1405 2831 legitur
1433 2785 1613 2820 Δεκίλλιος.
1647 2787 1829 2824 Mendoae.

1125 2838 1262 2874 Vmius.
