2008 3210
344 226 433 270 454

346 330 504 373 Tribuni,
514 337 702 373 earumque
715 333 848 372 partem
862 329 1003 363 duxerit
1015 330 1060 363 nd

346 382 537 417 Tiberium.
582 381 673 413 Nam
701 381 851 414 Tribuni
879 381 944 414 hoc
975 386 1060 414 tem·

347 442 434 477 pore
451 433 529 474 eligi
545 441 614 464 non
627 436 792 474 poterant
806 433 871 465 nisi
886 443 907 465 e
919 434 1062 467 Senatu.

348 484 441 527 Lips.
486 484 629 516 Necdum
653 483 791 516 Senator
813 487 965 527 aequatus,
988 485 1060 527 εμπ]

350 536 426 577 Ego
442 543 525 567 vero
541 534 653 566 libens
679 544 698 565 e
724 535 791 567 situ
819 539 855 567 et
878 536 1062 569 oblivionis

290 587 293 592 '
348 594 490 619 carcere
505 595 624 617 eruam
640 585 810 628 insignem
823 591 859 619 et
873 587 1060 621 notabilem

347 637 472 669 ritum:
497 636 554 678 qui
567 636 668 668 nimis
682 636 972 679 diujuventutem
984 649 1066 672 nos-

349 693 438 722 tram
455 688 570 729 latuit,
582 688 615 720 in
629 688 792 722 Tribunis
808 690 978 723 creandis.
1001 691 1063 724 Ju-

347 744 527 772 ventutem
545 740 687 771 autem?
711 740 779 772 imo
803 744 839 773 et
856 750 935 773 vere
959 741 1063 783 viros,

348 795 386 825 et
401 801 484 825 vere
499 791 622 824 doctos
636 804 644 823 ε
669 792 938 835 quibusnebulae
953 793 1010 825 hic
1025 798 1064 826 et

349 843 473 886 caligo.
517 843 660 876 Tribuni
684 844 794 876 creati
813 844 894 876 olim
917 854 985 876 non
1009 854 1062 877 so-

349 896 419 928 lum
444 904 507 938 pro
532 895 648 937 plebe,
675 895 737 927 sed
761 895 865 927 etiam
891 905 910 927 e
937 896 1063 938 plebe:

349 947 400 980 ita
416 950 454 979 ut
468 946 623 989 patriciis
639 951 699 979 aut
716 946 874 988 patribus
890 946 1005 979 aditus
1019 946 1063 979 ad

351 1008 430 1031 eum
446 998 611 1031 honorem
626 1008 724 1030 rarus
741 1002 847 1039 esset,
862 1002 923 1031 aut
937 999 1063 1031 nullus.

352 1049 426 1082 Diu
440 1049 491 1082 ita
505 1049 651 1081 mansit:
670 1048 781 1081 donec
797 1050 906 1082 visum
926 1050 1013 1082 adeo
1029 1049 1064 1082 id

351 1101 548 1141 immutare,
572 1105 611 1132 ut
637 1103 776 1132 cautum
800 1110 921 1132 severe
947 1100 1066 1142 fuerit,

351 1161 395 1184 ne
412 1151 487 1194 quis
499 1150 674 1183 Tribunus
690 1151 805 1193 fieret,
819 1153 885 1184 nisi
896 1152 1063 1185 Senator:

353 1204 388 1236 id
403 1208 470 1245 est,
482 1204 593 1246 nejus
607 1204 746 1247 quidem
761 1205 907 1238 baberet
922 1205 1066 1248 petendi

350 1255 570 1297 Tribunum,
592 1256 658 1288 nisi
670 1256 744 1298 jam
760 1261 842 1289 ante
858 1267 877 1289 e
894 1258 1065 1300 patribus.

352 1307 534 1339 Suetonius
546 1307 610 1340 hoc
623 1307 785 1341 adfirmat
797 1309 892 1342 clare
902 1310 1067 1343 usitatum

353 1358 457 1390 etiam
474 1357 508 1390 in
525 1357 636 1390 libera
652 1368 727 1401 rep.
754 1363 791 1391 et
816 1365 975 1393 extremo
991 1371 1067 1393 aevo

355 1409 546 1444 Ciceronis,
590 1410 680 1442 Nam
693 1411 727 1442 in
742 1409 835 1453 Aug.
852 1421 930 1453 cap.
948 1415 1001 1445 10.
1018 1412 1069 1445 ita

354 1460 498 1494 scribit:
523 1461 534 1479 ‘
550 1461 598 1492 Et
623 1469 690 1504 quo
710 1463 924 1496 constantius
948 1469 1069 1496 cetera

354 1514 620 1555 exsequeretur,
650 1513 684 1544 in
710 1513 823 1545 locum
849 1514 993 1547 Tribuni
1019 1515 1069 1557 pl.

353 1562 528 1596 demortui
557 1563 781 1596 candidatum
813 1574 851 1597 se
890 1565 1067 1599 ostendit:

353 1623 558 1657 quamquam
581 1614 764 1656 patricius,
790 1616 940 1648 necdum
964 1616 1070 1649 Sena·

356 1666 436 1698 tor!
482 1666 553 1702 Ubi
569 1666 701 1699 diserte
717 1671 755 1699 et
778 1671 879 1700 extra
895 1668 1069 1710 cavillum,

354 1717 607 1760 impedimenta
632 1717 702 1751 duo
723 1719 854 1751 Caesari
876 1719 919 1752 ad
944 1720 1071 1753 Tribu-

355 1774 476 1802 natum
492 1768 602 1811 ponit,
615 1769 707 1811 quod
723 1775 828 1811 gente
844 1770 1022 1812 patricius,
1034 1774 1072 1804 et

355 1819 449 1861 quod
463 1819 594 1852 honore
608 1819 760 1852 nondum
774 1820 932 1853 Senator.
978 1820 1071 1853 Nam

356 1872 507 1904 maximo
520 1870 655 1913 Langio
670 1875 788 1903 nostro
805 1871 864 1913 qui
880 1871 1071 1912 adsentiar,

356 1932 461 1956 voces
485 1932 542 1955 eas
569 1922 652 1954 duas
676 1922 901 1965 praefidenter
925 1923 984 1956 bic
1009 1924 1073 1956 tol-

355 1974 467 2007 lenti?
511 1973 652 2006 Nollem
662 1977 711 2006 se
733 1974 798 2006 hoc
821 1979 995 2017 conatum,
1019 1975 1073 2007 vir

358 2025 442 2058 alias
470 2024 739 2065 modestissime,
765 2029 846 2057 nam
873 2025 981 2058 iterat
1006 2017 1072 2058 hoc

357 2086 443 2110 ecce
466 2075 558 2108 idem
580 2075 766 2108 Suetonius
790 2076 825 2107 in
842 2075 965 2108 eodem
981 2075 1074 2119 Aug.

359 2139 437 2172 cap.
462 2131 518 2162 40.
566 2127 577 2145 ‘
601 2127 761 2160 Comitiis
790 2126 1015 2169 Tribuniciis,
1044 2128 1074 2160 si

358 2181 522 2215 deessent
556 2178 737 2212 candidati
780 2178 980 2220 Senatores,
1028 2188 1073 2211 ex

357 2232 533 2276 equitibus
563 2231 725 2264 Romanis
755 2230 914 2263 creavit!
957 2230 1075 2272 Quod,

359 2285 419 2329 qui
432 2284 477 2318 ad
486 2284 655 2317 Tribunos
668 2281 884 2316 transferunt
893 2283 1074 2324 militares,

358 2345 461 2380 quom
491 2336 634 2368 errant?
678 2334 825 2367 Refutat
861 2344 921 2367 eos
959 2335 1073 2376 palam

358 2387 427 2421 Dio
441 2387 503 2421 lib.
521 2395 609 2419 nv.
626 2386 684 2428 qui
695 2386 784 2418 hanc
798 2386 911 2428 ipsam
926 2394 999 2418 rem
1015 2385 1074 2417 de·

360 2447 516 2481 narrans,
536 2439 604 2470 τοῖς
626 2437 764 2478 ἱππεῦσι,
789 2436 916 2479 inquit,
940 2436 1001 2475 τὴν
1019 2438 1073 2476 δη-

355 2488 499 2533 μαρχίαν
510 2487 637 2528 αἰτῆσαι
648 2486 819 2531 ἐπέτρεψα
842 2487 880 2520 id
894 2492 959 2526 est,
973 2487 1074 2530 Equi-

359 2541 446 2574 tt‘lmu
463 2541 618 2573 Romanis
638 2540 835 2572 tribunatum
853 2539 955 2581 plebis
967 2542 1074 2580 petere

358 2592 520 2626 concessit.
565 2591 618 2624 Ex
634 2601 702 2634 qno
716 2591 863 2633 amplius
878 2590 995 2632 discis,
1007 2600 1074 2623 nec

360 2643 536 2686 equitibus
553 2642 692 2686 quidem
708 2646 792 2675 tunc
808 2641 914 2675 fuisse
929 2641 1074 2684 petendi

355 2694 427 2736 jus,
455 2694 543 2727 adeo
567 2703 638 2726 non
661 2693 740 2726 imae
771 2692 876 2735 plebi.
922 2692 1073 2725 Plinium

362 2753 427 2786 ego
442 2749 525 2786 apto
541 2745 630 2777 istuc
645 2744 705 2776 lib.
720 2753 762 2777 n.
774 2743 887 2786 Epist.
902 2746 937 2776 9.
950 2742 961 2761 ‘
972 2742 1074 2785 Ego,'

363 2795 490 2836 inquit,
509 2797 520 2813 ‘
536 2795 644 2828 Sexto
667 2795 778 2828 latum
801 2795 939 2827 clavum
963 2793 1074 2831 acie·

363 2856 456 2890 sare,
466 2855 532 2889 ego
546 2847 769 2883 Quaesturam
779 2845 963 2889 inipetrevi
973 2856 983 2879 ε
997 2853 1076 2881 meo

656 232 802 268 NOTAE
835 234 1106 267 vAmoRUM
1140 235 1193 267 m
1230 236 1515 269 PATERCULI

1110 329 1273 373 suffragio
1289 332 1451 373 pervenit
1476 331 1522 364 ad
1541 331 1601 373 jus
1613 330 1828 364 Tribunatu:

1110 381 1276 424 petendi!
1318 381 1384 414 Jus
1399 382 1490 414 enim
1503 381 1645 423 petendi
1658 381 1825 414 Tribuna-

1112 439 1181 474 tus,
1207 443 1276 466 non
1291 433 1347 466 hic
1363 433 1456 466 aliud
1473 443 1573 476 quam
1599 433 1750 475 dignitas
1763 434 1824 467 Se·

1111 485 1246 517 natorin
1260 490 1297 517 et
1313 485 1403 517 latus
1419 486 1546 517 clavus.
1591 484 1671 517 Hoc
1691 484 1829 518 utiliter

1112 535 1322 576 institutum,
1346 539 1384 567 et
1403 535 1448 567 ad
1463 535 1629 568 arcendos
1644 546 1665 567 a
1679 535 1824 569 turbido

1111 586 1317 628 magistratu
1353 586 1512 619 turbidos
1559 587 1824 620 adolescentes:

1112 638 1174 669 sed
1186 636 1336 679 quando,
1346 637 1528 670 haeremus.
1574 637 1757 680 Appianus
1767 638 1827 670 ad,

1113 690 1265 723 scribere
1288 690 1393 722 Sullae
1407 690 1561 731 videtur,
1583 691 1641 732 qui
1656 691 1767 723 multa
1789 690 1828 723 in

1112 743 1179 775 hoc
1195 742 1412 784 magistratu,
1439 742 1483 774 ad
1500 742 1567 774 vim
1583 743 1660 785 ejus
1682 746 1720 785 et
1733 740 1829 775 fem-

1114 795 1202 828 ciam
1215 794 1510 836 contundendam,
1521 788 1717 827 innovavit.'
1733 793 1826 827 Nam

1115 846 1165 878 ait
1178 845 1340 878 civilium
1356 845 1490 887 primo:
1512 844 1574 883 τὴν
1587 843 1621 877 δὲ
1635 844 1699 876 τῶν
1711 842 1828 886 δημάρ-

1114 908 1184 939 χων
1198 896 1301 938 ἀρχὴν
1313 894 1370 928 ἶσα
1390 896 1443 928 καὶ
1457 896 1581 929 &venen
1594 893 1830 933 ἄσθενεστόπρ

1116 947 1292 990 ἀποφήνας,
1319 945 1374 980 καὶ
1398 945 1482 987 νόμῳ
1510 945 1657 979 κωλύσας
1676 944 1832 987 μηδεμίαν

1117 999 1224 1040 ἄλλην
1249 999 1307 1032 τὸν
1329 997 1491 1041 δήμαρχον
1515 998 1618 1040 ἀρχὴν
1637 996 1684 1029 ἔτι
1706 996 1834 1038 ἄρκυν.

1116 1052 1168 1085 καὶ
1184 1051 1240 1084 οῧκ
1256 1050 1322 1092 ἔχω
1337 1052 1444 1091 σαφῶς
1460 1049 1568 1091 εἰπεῖν,
1585 1047 1614 1081 εἷ
1631 1047 1761 1082 Σύλλας
1774 1047 1829 1082 αὖ·

1117 1103 1190 1144 τὴν,
1214 1102 1297 1135 κατὰ
1313 1102 1366 1134 νῦν
1381 1102 1480 1142 ἐστιν,
1504 1099 1547 1133 εἷς
1559 1099 1620 1138 τὴν
1633 1098 1755 1137 βουλὴν
1768 1097 1833 1131 ἀπὸ

1117 1155 1175 1186 τοῦ
1188 1153 1286 1194 δήμου
1299 1151 1512 1194 μετήνεγκενε
1537 1151 1572 1183 id
1588 1155 1656 1191 est,
1681 1149 1836 1183 Tribuni-

1117 1207 1201 1237 cinm
1228 1207 1418 1246 potestatem
1449 1206 1573 1235 tantum
1600 1212 1664 1234 mm
1690 1201 1834 1244 mulie,

1118 1259 1299 1290 enervatam
1315 1266 1384 1288 eum
1406 1264 1535 1298 prorsus
1548 1254 1737 1295 relinquens,
1762 1254 1834 1294 lege

1118 1309 1198 1350 lota,
1218 1307 1331 1349 nequis
1355 1306 1410 1348 qui
1425 1304 1710 1345 Tribumsuimt
1733 1304 1834 1337 alium

1117 1361 1218 1392 ullum
1232 1361 1357 1400 caperet
1379 1357 1624 1398 mag-istratum:
1647 1365 1704 1388 nee
1716 1355 1835 1397 liquido

1117 1411 1233 1454 possim
1247 1411 1363 1449 dicere,
1389 1419 1430 1441 an
1453 1408 1544 1441 Sulla
1569 1409 1650 1440 hune
1662 1407 1833 1448 magistro-

1119 1467 1198 1504 tum,
1212 1463 1262 1494 uti
1276 1471 1358 1494 nunc
1372 1465 1431 1501 ese,
1443 1470 1463 1493 a
1474 1460 1564 1503 plebe
1578 1460 1780 1492 transtulerit
1790 1459 1834 1491 ad

1121 1514 1284 1547 Senatum.
1339 1513 1453 1546 Quem
1479 1513 1594 1543 locum
1623 1510 1726 1542 valde
1749 1508 1836 1541 mihi

1121 1569 1215 1605 nota,
1241 1564 1378 1596 unicum
1401 1562 1565 1595 Suetonio
1588 1564 1626 1593 et
1647 1560 1730 1593 hnic
1752 1559 1835 1593 ritui

1120 1617 1249 1648 lumen.
1294 1616 1341 1648 Et
1367 1614 1530 1656 Appiano
1552 1621 1634 1645 sane
1657 1611 1838 1645 adsentiat·

1122 1677 1204 1709 ego:
1231 1676 1437 1709 quamquam
1450 1664 1591 1697 Atteius
1602 1663 1729 1706 capito
1741 1662 1835 1705 apud

1122 1718 1296 1760 Agellium
1311 1716 1433 1749 Atinio
1458 1714 1641 1757 plebiscito
1654 1713 1836 1756 adsignetz

1122 1770 1153 1802 si
1169 1774 1282 1801 tamen
1305 1766 1494 1800 transferre
1517 1765 1626 1799 verba
1648 1775 1691 1798 ea
1712 1763 1765 1798 sas
1788 1764 1835 1798 nd

1123 1829 1236 1853 meam
1250 1820 1340 1852 hanc
1363 1822 1527 1851 mentem.
1573 1817 1659 1851 Ait:
1681 1818 1695 1836 ⁴
1710 1816 1838 1849 Tribua

1122 1873 1175 1905 nis
1190 1868 1302 1914 plebis
1325 1873 1472 1904 Senatus
1494 1870 1645 1903 habendi
1663 1870 1724 1912 jus
1745 1873 1837 1910 ent,

1123 1933 1331 1966 quamquam
1341 1923 1530 1956 Senatores
1545 1930 1612 1954 non
1624 1923 1741 1953 essent
1753 1924 1838 1952 ante

1123 1974 1279 2007 Atinium
1306 1972 1551 2016 plebiscitum!
1594 1972 1726 2005 Dicere
1743 1971 1835 2004 enim

1123 2026 1275 2068 videtur,
1285 2025 1466 2068 plebiscito
1477 2035 1518 2057 eo
1527 2029 1679 2064 cautum,
1686 2026 1727 2055 ut
1734 2025 1836 2055 nemo

1123 2077 1302 2109 Tribunus
1331 2076 1396 2108 nisi
1423 2076 1572 2109 Senator
1598 2079 1703 2107 esset.
1758 2073 1838 2107 Etsi

1125 2129 1299 2170 aliorsum,
1310 2137 1375 2161 nec
1387 2126 1620 2167 incommode,
1629 2125 1718 2158 trebi
1726 2125 1839 2158 verbe

1125 2189 1168 2213 ea
1183 2189 1297 2222 posse,
1321 2179 1407 2211 nihil
1430 2186 1532 2220 nego.
1577 2177 1671 2210 Illud
1696 2177 1837 2220 quidem

1125 2231 1242 2272 miror,
1255 2239 1325 2262 non
1336 2228 1554 2270 Ciceronem,
1564 2236 1633 2260 non
1643 2228 1838 2270 historicos,

1125 2292 1197 2314 rem
1222 2286 1292 2314 tam
1321 2289 1456 2320 novam,
1481 2284 1553 2314 tam
1580 2279 1838 2313 memorandam

1124 2333 1272 2375 posteris
1297 2331 1509 2373 prodidisse:
1534 2331 1601 2363 nisi
1625 2330 1730 2371 forte,
1756 2331 1839 2373 quia

1124 2389 1206 2416 tunc
1234 2383 1426 2424 notissima,
1451 2386 1489 2415 et
1513 2381 1547 2414 in
1563 2382 1671 2415 oculis
1685 2382 1838 2416 omnium

1125 2434 1344 2476 auribusque.
1367 2434 1455 2475 Lips.
1474 2433 1578 2467 Eleet.

1168 2487 1278 2519 Etiam
1288 2486 1474 2526 designatus
1483 2486 1749 2529 tribunusplebis]
1775 2485 1841 2518 Vir

1124 2537 1250 2571 doctus
1275 2541 1312 2570 et
1338 2537 1496 2579 diligens,
1518 2537 1665 2569 eribmm
1687 2536 1839 2570 nntium·

1124 2590 1200 2630 Ego
1227 2588 1313 2620 nihii
1339 2591 1477 2620 temere·
1509 2587 1729 2628 mutaverim,
1748 2594 1841 2629 pre-

1123 2640 1289 2673 cedentis
1311 2645 1458 2682 propter
1482 2642 1520 2672 et
1533 2638 1738 2681 sequentum
1764 2643 1839 2672 tum

1124 2691 1218 2735 quod
1242 2690 1420 2723 tribunatu
1443 2693 1481 2722 et
1507 2688 1722 2731 praefectura
1742 2689 1847 2740 equi-l

1124 2747 1197 2776 tum
1209 2741 1349 2775 functus
1361 2740 1567 2773 discesserat
1577 2739 1622 2772 ed
1635 2739 1763 2781 civilia,
1771 2741 1842 2774 hoe

1124 2798 1193 2835 ost,
1215 2793 1446 2825 Tribunatum
1472 2795 1509 2824 et
1532 2791 1773 2833 Quaesturam,
1801 2792 1840 2825 iu

1123 2853 1191 2888 que
1202 2844 1338 2886 legatus
1347 2841 1469 2875 missus
1480 2841 1525 2875 ed
1534 2841 1710 2877 Tiberiana
1725 2852 1739 2885 3
1759 2849 1841 2882 en-
