2008 3210
299 207 392 251 424

305 313 436 354 luxata,
450 314 577 355 partim
593 319 779 357 corrupta;
796 325 872 359 quae⁴
891 315 941 349 ita
961 326 1014 349 re-

304 364 481 397 stituenda
493 369 650 406 putamus
663 377 671 398 z
685 365 732 398 At
744 367 924 408 Cleopatra,
927 366 1017 406 frus-

303 416 402 449 tratis
439 417 632 458 custodibus,
658 417 751 449 illata
778 419 885 460 aspide
917 417 1015 460 sinui,

303 478 409 500 morsu
425 467 501 508 cius,
516 478 629 509 expers
643 468 804 506 muliebris
824 473 939 511 metus,
951 470 1016 511 spi-

302 518 404 549 ritum
418 517 568 550 reddidit.
591 518 747 550 Ursinus.
782 516 917 561 Aspida]
931 520 1017 552 Tres

304 567 460 610 aspidum
484 568 617 610 species
639 567 726 601 facit
741 568 907 610 Galenus,
922 574 958 603 et
972 582 1016 604 ex

307 629 349 651 eo
387 618 523 660 Aetius,
559 617 722 661 χερσαίας,
765 620 956 664 χελιδονίας,
980 626 1017 654 et

306 668 454 703 πτυάδας.
488 671 639 711 Χερσαΐαι
661 670 780 712 dictae,
804 682 881 714 quae
896 672 931 704 in
949 682 1015 704 me-

306 721 514 754 diterraneis
539 721 726 763 degebant,
753 731 829 763 cum
860 723 1016 755 Chelido-

306 772 377 804 niae
406 772 499 804 circa
527 772 618 813 ripas
648 770 826 806 fluminum
851 774 1019 814 colerent,

307 827 345 855 et
362 823 537 864 prae'cipue
566 822 648 854 Nili.
699 823 804 854 Πτυὰς
825 823 918 856 dieta
940 824 1020 866 quia

306 873 500 915 inspuendo
515 874 668 914 perimit,
681 883 747 905 uon
765 884 891 914 morsu,
907 875 968 906 sed
982 880 1019 908 et

307 924 442 960 tardius
458 923 609 957 conficit.
661 924 824 957 Omnium
841 936 1019 958 commune

308 975 496 1017 σύμπτωμα,
510 987 662 1018 somnus,
678 983 713 1010 et
736 977 926 1010 dormiendi
943 978 1021 1010 libi-

309 1028 368 1070 do,
393 1038 435 1060 ae
458 1028 532 1060 sine
557 1039 657 1061 sensu
690 1034 749 1061 aut
773 1029 892 1061 dolore
917 1039 1020 1062 mors.

309 1080 513 1114 Chelidonia
522 1090 598 1112 cum
608 1082 719 1114 Sistro
732 1085 767 1113 et
777 1081 919 1113 Osiride
930 1081 1022 1113 inter

308 1131 475 1174 mysteria
491 1136 526 1164 et
542 1132 641 1164 initia
657 1133 772 1165 Isiaca
795 1142 931 1174 semper
947 1132 1022 1173 pin-

310 1183 415 1225 gitur.
463 1183 635 1216 Ovidius:
673 1186 682 1201 ‘
699 1184 877 1226 Sistraqne
908 1187 1022 1223 erant,

309 1244 565 1277 numquamque
596 1236 680 1267 satis
705 1235 870 1277 quaesitus
897 1234 1022 1275 Osiris,

308 1285 488 1327 Plenaque
525 1285 717 1317 somniferis
748 1280 890 1326 serpens
924 1293 1022 1326 pere-

309 1336 406 1377 grina
418 1336 583 1369 venenis!
607 1336 812 1377 Serpentem
823 1336 1024 1377 peregrinam

313 1392 418 1420 vocat
455 1388 623 1430 aspidem,
652 1388 686 1420 id
721 1392 787 1430 est,
816 1387 1025 1429 AEgyptiam,

310 1439 392 1482 quia
405 1439 440 1471 in
456 1440 598 1482 Europa
609 1449 677 1472 non
688 1439 871 1471 viseretur.
895 1438 1023 1469 Errore

310 1489 418 1532 igitur
444 1490 618 1522 communi
651 1490 774 1522 ductus
799 1488 938 1529 Strabo,
969 1487 1023 1520 vel

310 1541 406 1573 aliud
433 1550 551 1584 agens,
568 1541 703 1584 aspidas
726 1541 761 1572 in
778 1539 854 1571 aliis
879 1539 1024 1581 regioni-

311 1591 375 1625 bus
398 1593 508 1635 ponit.
556 1592 651 1631 Quas
677 1592 768 1623 enim
792 1591 899 1631 vulgo
925 1587 1024 1622 voca-

310 1654 387 1676 mus
400 1643 560 1686 Aspides,
572 1643 698 1675 nullam
711 1642 837 1674 liabent
849 1640 921 1673 fere
933 1651 1024 1673 corn-

311 1705 449 1727 munem
463 1700 580 1727 notam
604 1704 681 1726 cum
705 1693 773 1725 illis
787 1703 870 1736 quas
886 1698 1024 1725 veteres

311 1745 527 1779 describunt.
555 1745 741 1777 Salmasius.
943 1744 946 1746 “

355 1799 470 1833 Morsu
486 1807 561 1830 sane
573 1797 653 1838 ejus]
680 1795 763 1836 Alii,
780 1795 814 1827 in
830 1804 935 1827 morsu
949 1804 1024 1826 sane

312 1848 391 1889 dus.
427 1840 608 1881 Ac'idalius
633 1856 702 1879 non
736 1847 825 1878 citra
853 1846 1022 1878 rationem

311 1899 520 1942 transponit,
566 1892 679 1931 morsu*
703 1897 781 1938 ejus,
803 1906 878 1929 sane
911 1905 1022 1939 expers

311 1949 476 1984 muliebris
490 1954 602 1984 metus.
636 1949 798 1982 Boecler.

355 2002 515 2045 Spiritum
527 2000 685 2041 reddidit]
718 1999 822 2032 Anno
836 1999 953 2031 aetatis
971 2001 1026 2031 39.

308 2053 562 2097 'ViseAHoratii
594 2051 706 2084 Odam
732 2047 809 2083 3⁷.v
822 2050 974 2083 Carmin.
999 2058 1026 2082 1.

314 2105 502 2147 Schegkius.

349 2157 532 2190 Par-mensis
545 2154 691 2197 Cassius]
703 2155 797 2188 Hist.
808 2154 950 2187 miscell.
958 2162 1025 2186 vn.

313 2212 368 2242 10.
403 2209 414 2227 ‘
443 2209 586 2241 Interea
607 2207 708 2249 jussu
743 2205 891 2238 Caesaris
919 2204 1026 2238 occisi

313 2263 406 2301 sunt,
420 2260 532 2301 major
547 2257 688 2290 Antonii
714 2256 819 2297 filius,
843 2259 880 2288 et
903 2256 945 2288 P.
962 2256 1026 2288 Ca-

316 2311 442 2352 nidius,
458 2309 702 2342 infestissimus
726 2307 867 2350 quidem
884 2306 1027 2348 Caesari,

312 2362 372 2395 sed
386 2366 423 2394 et
432 2361 584 2395 Antonio
594 2359 730 2400 infidus,
742 2363 778 2391 et
794 2357 931 2390 Cassius
940 2357 1026 2388 Par-

314 2414 455 2454 mensis,
471 2412 593 2445 ultima
608 2409 729 2443 violati
750 2409 861 2451 patris
878 2408 1030 2449 victima,

291 2486 294 2488 —
314 2470 352 2498 et
364 2465 408 2499 Q.
425 2461 599 2504 Ovinius,’
621 2464 688 2494 &c.
735 2459 886 2492 Omnino
912 2463 1029 2490 autem

313 2527 384 2550 non
414 2515 553 2548 videtur
586 2512 801 2555 repudianda
839 2509 1028 2542 admonitio

314 2566 477 2608 Aldi,qui
494 2575 558 2608 pro
574 2564 718 2606 vulgato
731 2563 792 2605 (ut
805 2563 934 2594 dederat
954 2561 1029 2593 Tre-

316 2619 447 2660 bonius)
470 2618 567 2660 legit‚
589 2620 625 2650 ut
637 2617 766 2649 dederat
783 2614 905 2656 primus
919 2613 1030 2659 Trebo-

296 2699 299 2703 ,
314 2670 394 2702 nius.
407 2671 513 2702 Certe
524 2667 699 2710 particula
709 2663 892 2707 ωνγκριτικὴ
903 2663 1031 2705 frigide

318 2724 487 2761 usurpata
507 2718 698 2759 videbitur,
715 2717 744 2751 si
769 2716 813 2749 ad
836 2725 958 2748 necem
974 2724 1032 2756 po-

296 2763 298 2765 *
316 2771 387 2804 tius
402 2780 503 2812 quam
516 2770 560 2803 ad
573 2769 722 2812 aliquam
739 2768 834 2803 necis
847 2765 1032 2810 περίστασιν

295 2819 502 2860 Jeferatur.
545 2820 726 2852 Boeclerus.
744 2851 752 2854 Α

615 219 760 251 NO'rAE
791 219 1062 253 VARmRUM
1095 220 1148 253 IN
1183 219 1470 254 PATEROUM

1115 317 1161 350 Ue
1175 318 1302 350 dederat
1321 317 1506 360 stebom‘us]
1542 318 1638 360 Lege
1655 326 1704 351 ex
1715 316 1780 352 fi<

1067 369 1202 401 ceronis
1219 368 1442 411 Philippicis,
1457 373 1494 401 et
1516 369 1696 401 ex·Latini
1708 377 1781 402 ser-

1067 420 1176 452 monis
1188 419 1446 452 observatione:
1463 423 1497 452 ut
1512 421 1642 452 dederat
1657 420 1783 462 prim

1071 469 1250 503 Trebonius.
1284 470 1421 503 Manut.

1111 521 1198 553 CAP.
1210 522 1266 553 88.
1279 521 1330 552 Μ.
1347 520 1500 562 Lepidus]
1523 519 1782 562 Conjurationis

1067 571 1204 613 Lepidi,
1229 572 1415 604 meminere
1442 572 1584 604 Sueten.
1612 570 1702 614 Aug.
1726 573 1784 605 10.

1068 622 1145 655 Liv.
1161 623 1256 664 Epit.
1268 631 1436 659 cxxxiii.
1473 623 1541 655 Dio
1561 631 1636 656 nv.
1650 632 1687 665 p.
1702 625 1785 656 ew.

1068 674 1198 706 seneca
1212 673 1255 705 de
1273 674 1372 706 clem.
1388 683 1414 706 ι.
1433 676 1465 706 9.
1499 673 1679 707 Βυεσῑενιιε.

1114 725 1151 756 C.
1171 725 1343 766 Maecenas]
1381 723 1414 756 A
1431 724 1675 757 taciturnitate
1689 733 1783 757 eom-

1068 777 1248 809 mendatus
1273 776 1399 808 Horat.
1422 776 1481 808 lib.
1499 784 1547 809 11.
1579 766 1735 808 sermon.
1750 779 1784 808 6.

1067 827 1080 845 ‘
1097 828 1143 859 Et
1161 837 1237 869 quae
1253 828 1379 859 rimosa
1394 827 1482 859 bene
1508 826 1732 868 deponuntur
1747 826 1782 859 in

1070 879 1176 912 aure!
1200 878 1268 911 Adi
1289 879 1444 912 Suetonii
1467 888 1543 920 cap.
1558 881 1613 911 66.
1641 878 1784 920 [Nuper

1071 930 1143 961 vita
1167 929 1370 961 Maecenatis
1398 939 1418 961 a
1445 928 1637 962 Meibomio
1659 928 1783 970 edita]

1072 981 1209 1021 Schegk.

1115 1032 1281 1074 Equestri]
1311 1032 1392 1064 Fuit
1407 1032 1560 1075 equestri
1577 1037 1711 1065 tantum
1728 1041 1786 1075 ge-

1072 1093 1170 1124 nere,
1181 1084 1304 1126 inquit,
1316 1083 1378 1116 sed
1394 1083 1452 1115 illo
1465 1093 1536 1124 prae
1548 1083 1675 1118 ceteris
1686 1084 1784 1116 claro

1074 1140 1111 1168 et
1137 1135 1273 1167 illustri.
1324 1135 1418 1167 Nota
1433 1134 1506 1175 ejus
1532 1134 1696 1175 prosapia
1711 1133 1785 1167 He·

1074 1190 1189 1218 trusca
1202 1186 1384 1228 praeconiis
1400 1184 1616 1225 Horatianis,
1628 1185 1783 1227 Proper-

1075 1237 1187 1278 tianis,
1201 1242 1307 1279 atque
1324 1237 1479 1268 aliorum.
1501 1235 1628 1268 Acidal.

1118 1289 1193 1320 Non
1208 1287 1312 1319 minus
1324 1286 1484 1328 Agrippa,
1496 1286 1565 1328 Esca]
1589 1285 1785 1328 Interpm·

1075 1340 1195 1381 cipuos
1213 1338 1361 1380 Augusti
1375 1338 1514 1378 amicos,
1526 1338 1594 1369 imo
1611 1332 1787 1380 principes

1075 1390 1259 1422 amicorum
1298 1388 1365 1420 fuit
1398 1389 1587 1428 Maecenas,
1619 1397 1697 1420 cum
1728 1397 1787 1420 exa

1074 1441 1235 1483 ceptione
1248 1445 1361 1472 tamen
1374 1439 1485 1471 ultimi
1496 1439 1673 1481 temporis,
1682 1448 1786 1481 quam

1074 1493 1220 1524 Tacitus
1231 1490 1431 1533 suppeditat
1445 1489 1488 1522 A.
1501 1499 1559 1535 ¹.¹¹·
1571 1491 1623 1521 30.
1632 1492 1665 1521 6.
1680 1490 1690 1507 ⁴
1700 1488 1789 1521 Pro-

1074 1547 1178 1576 vecta
1193 1543 1283 1575 enim
1299 1546 1393 1573 atate
1404 1540 1413 1555 '
1438 1539 1547 1582 (quod
1563 1544 1601 1571 et
1617 1533 1785 1571 Sallustio

1075 1595 1198 1635 Crispo
1215 1590 1409 1633 acciderat)
1430 1594 1440 1608 ‘
1458 1591 1612 1632 speciem
1627 1589 1735 1632 magis
1750 1589 1787 1622 in

1076 1644 1228 1677 amicitia
1243 1643 1424 1685 principis,
1438 1651 1541 1684 quam
1563 1641 1641 1675 vim,
1651 1640 1784 1681 tenuit:

1075 1696 1149 1729 fato
1169 1696 1352 1738 potentiae,
1367 1703 1444 1726 raro
1473 1692 1717 1734 sempiternae;
1741 1701 1786 1724 an

1075 1749 1180 1781 satias
1202 1747 1309 1789 capit,
1325 1751 1384 1778 aut
1400 1745 1474 1777 illos
1501 1754 1579 1777 cum
1595 1744 1709 1776 omnia
1726 1742 1786 1776 tri·

1075 1800 1239 1839 buerunt,
1254 1802 1314 1830 aut
1329 1797 1391 1829 hos
1420 1805 1496 1827 cum
1516 1795 1590 1836 jam
1607 1794 1691 1826 nihil
1709 1793 1787 1826 reli-

1077 1849 1179 1894 quum
1203 1854 1259 1882 est
1282 1847 1374 1891 quod
1399 1844 1564 1888 capiant!
1605 1843 1677 1876 Adi
1691 1844 1788 1886 Lips.

1077 1901 1176 1944 polit.
1198 1909 1257 1932 ιιι.
1284 1902 1336 1931 11.
1359 1901 1413 1930 20.
1438 1901 1474 1929 et
1493 1898 1547 1928 21.
1565 1895 1623 1927 ubi
1645 1895 1789 1938 egregia

1078 1952 1234 1996 quaedam
1249 1956 1425 1984 annotata.
1448 1949 1542 1992 Scip.
1560 1948 1705 1982 Amirnt.
1718 1949 1787 1982 dis-

1078 2008 1161 2036 sert.
1175 2003 1271 2046 polit.
1281 2002 1324 2034 ad
1335 2002 1418 2034 Tac.
1433 2000 1493 2032 lib.
1502 2009 1560 2032 111.
1574 2002 1608 2033 4.
1630 1999 1789 2032 Enenck·

1078 2055 1181 2087 elium
1204 2055 1240 2086 in
1260 2054 1395 2086 Seiano.
1428 2051 1575 2083 Boecler.
1785 2065 1789 2073 ι

1121 2105 1268 2146 Angusto
1281 2103 1382 2145 clavo]
1412 2103 1540 2143 Vulgo,
1555 2102 1686 2143 angusti
1696 2102 1788 2136 olavi.

1078 2157 1225 2197 Angusto
1238 2155 1338 2197 clavo]
1361 2154 1417 2186 Ita
1432 2158 1541 2185 recte.
1573 2153 1641 2185 Sed
1649 2151 1688 2184 τὸ
1699 2163 1790 2194 poem

1080 2219 1122 2242 an
1153 2207 1335 2242 convenit?
1375 2202 1440 2239 Ille
1470 2215 1553 2238 vero
1592 2205 1790 2247 planissime

1079 2264 1265 2294 contentus
1281 2258 1382 2298 vixit,
1395 2267 1459 2290 nec
1485 2267 1572 2298 opus
1588 2257 1710 2289 vocula
1721 2257 1789 2297 ‘hac

1079 2311 1303 2343 imminuente
1332 2309 1388 2341 vel
1419 2307 1627 2349 ambigente.
1674 2307 1789 2350 Magis

1079 2361 1123 2393 ad
1141 2361 1347 2393 Maecenatis
1357 2359 1553 2401 ingenium:
1578 2359 1652 2391 bene
1665 2358 1791 2392 conten-

1079 2416 1142 2453 tus,
1171 2412 1227 2444 vel
1246 2411 1352 2452 plane.
1375 2411 1471 2451 Lips.
1517 2410 1790 2452 Angusto-clauo]

1079 2461 1387 2505 Equestriordine:
1403 2470 1481 2492 nam
1495 2461 1594 2492 clavo
1606 2461 1741 2503 equites
1754 2465 1792 2494 et

1080 2517 1258 2546 senatores
1289 2511 1445 2543 discreti.
1505 2512 1723 2553 Lampridius
1753 2512 1790 2544 in

1078 2566 1229 2598 Severo:
1263 2563 1274 2582 ‘
1289 2564 1376 2595 Tum
1391 2563 1473 2594 satis
1497 2572 1573 2594 esse
1599 2563 1792 2605 constituit,

1079 2621 1119 2648 ut
1134 2615 1270 2657 equites
1289 2615 1387 2646 Rom.
1419 2623 1439 2644 a
1455 2612 1672 2645 senatoribus
1693 2606 1792 2646 cla'vo

1080 2667 1381 2700 discernerentur.’
1411 2663 1504 2697 Quid
1521 2662 1638 2703 fuerit,
1654 2656 1790 2696 erudite

1080 2718 1219 2751 disserit
1227 2717 1291 2759 Cuj
1297 2726 1351 2748 ac.
1361 2715 1551 2747 Observat.
1561 2714 1619 2746 lib.
1630 2723 1790 2756 xincap.

1080 2773 1134 2802 89.
1156 2768 1341 2809 Schegkius.
1384 2765 1530 2807 Angusto
1549 2764 1650 2805 clauo]
1683 2764 1792 2797 'Puni-

1060 2859 1062 2863 .
1081 2829 1198 2853 carum
1211 2819 1279 2851 duo
1294 2826 1422 2861 genera
1433 2814 1583 2859 reperio,
1593 2824 1669 2848 cum
1681 2809 1794 2859 clauis
