2002 3250
269 293 299 338 2
811 277 814 282 ’
881 301 1142 335 Ems'ronA.

329 403 420 446 Sed
451 403 544 447 ista
577 399 958 445 commendatione
990 410 1108 454 opus
1140 408 1238 440 non
1269 395 1344 438 est
1371 394 1431 438 ad
1462 392 1752 450 quaerendam

268 470 502 514 Vnnnmo
522 471 836 514 PATERGULO
859 468 1066 522 gratiam.
1121 463 1306 509 Dudum
1327 465 1393 507 illi
1414 468 1536 507 tuum
1557 461 1754 519 patroci-

190 534 195 538 ’
269 541 391 583 nium
410 543 598 594 utroque
618 539 794 580 nomine
816 536 970 587 debes,
992 540 1035 577 et
1067 534 1184 590 quod
1211 535 1343 590 jussu
1380 533 1542 587 Regis,
1565 536 1610 574 et
1630 530 1752 588 quod

270 614 351 651 tua
368 622 506 651 causa
526 609 570 649 in
589 607 736 648 lucem
756 603 957 660 prodeat.
1021 604 1197 646 Deinde
1226 603 1271 645 id
1296 617 1431 644 unum
1452 602 1595 644 debeo
1615 600 1752 656 profi-

269 677 362 729 teri,
383 678 500 732 quod
520 678 637 731 ipse,
658 674 697 716 si
720 688 797 730 per
817 687 866 715 se
888 673 1013 727 loqui
1035 676 1077 714 et
1096 685 1145 714 se
1166 671 1272 714 Tibi
1296 672 1454 714 sistere
1474 674 1642 726 posset,
1662 682 1752 713 non

270 746 430 789 sileret.
492 744 681 798 Magnas
716 745 913 798 profecto
943 741 1050 784 Tibi
1078 745 1209 797 atque
1244 740 1361 795 Regi
1389 740 1444 782 de
1472 739 1563 781 isto
1583 738 1752 788 honore

270 815 433 869 gratias
454 817 616 867 ageret,
640 824 772 867 quem
792 813 939 854 vestro
961 809 1015 852 de
1036 823 1084 851 se
1097 809 1274 864 judicio
1296 808 1487 863 adeptus
1510 810 1592 848 est.
1644 806 1751 850 Hoc

270 882 450 939 quippe,
472 881 625 941 quanti
648 894 726 924 vos
744 881 864 924 illum
881 879 1095 937 feceritis,
1125 879 1293 921 illustre
1323 876 1625 921 testimonium
1650 879 1756 930 est·,

272 951 407 1007 quod,
430 950 700 1005 dignationis
728 954 910 1003 uterque
937 951 1089 999 tantae,
1117 948 1191 990 ille
1212 945 1549 990 commentarios
1576 945 1625 987 in
1650 954 1757 987 em

271 1019 407 1062 scribi
419 1019 619 1074 jusserit,
638 1031 727 1072 quo
747 1018 836 1059 tuis
858 1017 1018 1059 studiis
1041 1016 1373 1068 commodaret3
1394 1014 1468 1056 Tu
1488 1015 1535 1055 in
1553 1012 1754 1069 eiusdem

268 1088 453 1131 lectione
473 1087 640 1130 versari
659 1086 828 1140 cogites
858 1084 1103 1139 cupiditate
1123 1082 1338 1126 discendi.
1399 1080 1581 1134 Quanto
1603 1084 1755 1124 autem

269 1157 461 1212 maj0res
492 1156 707 1198 ambobus
727 1154 860 1196 vobis
898 1154 1067 1207 gratias
1098 1153 1293 1203 referret,
1315 1151 1355 1193 si
1382 1150 1428 1192 in
1449 1149 1550 1192 aliis
1570 1154 1753 1205 quoque

269 1223 445 1267 Latinae
482 1225 642 1278 linguae
681 1221 938 1265 auctoribus
977 1213 1095 1265 idem
1135 1220 1234 1273 fieri
1274 1218 1490 1273 singulari
1529 1218 1753 1260 literarum

267 1292 481 1336 felicitate
520 1291 711 1343 videret,
749 1293 794 1331 et
830 1290 901 1331 uti
940 1302 1144 1331 sermone
1184 1287 1365 1345 posset!
1416 1291 1511 1329 tum
1552 1287 1631 1342 qui
1664 1287 1751 1329 hoc

267 1375 473 1417 possum,
495 1364 706 1418 praestare
727 1359 891 1410 debeo,
912 1359 1108 1400 maxime
1129 1371 1230 1401 cum
1252 1360 1296 1399 et
1316 1355 1548 1411 Interpres
1568 1354 1754 1408 Velleii,

269 1434 315 1474 et
336 1445 396 1474 ex
415 1431 496 1474 illa
517 1429 741 1472 Societate
762 1428 860 1478 sim,
884 1441 986 1482 quae
1007 1427 1157 1470 literas
1179 1426 1288 1469 colit
1306 1429 1351 1468 et
1370 1429 1491 1467 amat
1506 1425 1724 1481 inprimis.

328 1498 432 1542 Hoc
452 1499 603 1554 itaque
619 1495 838 1552 praedi00,
861 1500 909 1537 et
927 1496 1012 1538 hoc
1040 1509 1154 1551 pace
1176 1495 1324 1537 dicam
1345 1498 1595 1537 ceterorum
1618 1507 1759 1549 supe-

268 1566 396 1610 rioris
429 1572 475 1609 et
508 1565 644 1621 hujus
674 1565 822 1608 aetatis
859 1564 1135 1620 Principum,
1172 1565 1251 1620 qui
1293 1563 1347 1606 de
1381 1563 1523 1605 literis
1555 1575 1754 1617 unquam

245 1635 548 1678 benemeriti
570 1637 693 1676 sunt:
724 1634 890 1675 nullum
922 1634 969 1675 in
1001 1647 1080 1675 eas
1121 1633 1307 1675 conferri
1334 1644 1471 1687 posse
1491 1631 1754 1674 beneficium

268 1705 580 1760 praestantius,
602 1715 736 1758 quam
756 1701 802 1743 id
823 1701 945 1756 quod
975 1701 1282 1743 munificentia
1307 1700 1449 1755 Regis
1470 1703 1754 1755 acceperunt.

269 1773 447 1830 Nempe
484 1773 588 1816 Rex
620 1771 819 1814 eruditos
846 1772 982 1822 virOS‚
1011 1771 1089 1826 qui
1120 1769 1303 1822 Poetas,
1326 1770 1404 1825 qui
1425 1768 1651 1822 OratoreS‚
1674 1771 1754 1827 qui

270 1843 531 1886 Historicos
553 1840 742 1885 Latinos
761 1843 805 1882 et
833 1838 972 1882 Notis
1004 1844 1050 1881 et
1084 1838 1538 1894 Interpretationibus
1558 1837 1754 1883 illustra*-

267 1915 378 1962 rent,
400 1910 516 1954 intra
545 1912 588 1951 et
622 1913 753 1951 extra
785 1907 931 1962 Regni
963 1908 1072 1950 fines
1103 1907 1330 1963 quaesivit,
1351 1907 1530 1962 delegit,
1551 1907 1753 1962 praemiis

267 1979 498 2021 invitavit:
529 1982 742 2032 tanquam
764 1976 1132 2019 distractissimus
1163 1979 1231 2019 tot
1263 1977 1450 2018 aliorum
1475 1976 1591 2018 mole
1611 1989 1754 2031 nego,-

268 2047 431 2090 tiorum
465 2045 566 2102 ejus
598 2047 773 2088 animus
794 2046 896 2091 huic
933 2046 1011 2089 uni
1045 2046 1108 2087 rei
1140 2049 1362 2088 vacasset.
1424 2043 1563 2096 Quod
1583 2044 1754 2088 factum

269 2129 404 2171 quam
421 2127 604 2166 novum,
624 2127 759 2170 quam
786 2114 906 2168 prius
934 2113 1360 2168 inauditum,·quam
1390 2113 1519 2154 unius
1555 2115 1626 2154 est
1658 2111 1756 2156 Lu*-

270 2195 436 2227 Dov101
461 2184 626 2239 ubique
648 2181 827 2224 MAGNI
847 2181 1100 2237 proprium!
1134 2181 1207 2223 Ex
1239 2194 1329 2236 quo
1359 2181 1470 2236 quid
1501 2180 1627 2223 aliud
1645 2192 1754 2224 con-

269 2265 456 2307 sequens
476 2256 560 2303 est,
582 2264 719 2307 quarn
749 2249 843 2292 fore
874 2249 1103 2305 deinceps,
1125 2250 1203 2305 qui
1225 2250 1430 2293 discendi
1450 2248 1753 2294 difficultatem

260 2333 489 2363 excusare
509 2320 669 2363 merito
691 2320 852 2375 possit,
874 2319 1098 2361 neminem
1116 2320 1136 2361 'P

275 2387 598 2444 Quanquam
616 2388 721 2431 Tibi
741 2388 1039 2443 potissimum,
1076 2387 1427 2434 SERENISSIME
1459 2386 1751 2440 DELPH1N13‚

267 2455 400 2512 hujus
419 2457 531 2499 facti
557 2457 699 2512 gratia
720 2456 959 2499 tribuenda
978 2461 1061 2508 est,
1092 2457 1218 2508 (Rex
1237 2456 1356 2499 enim
1379 2455 1612 2499 Maximus
1631 2455 1755 2501 haud

267 2525 360 2568 alio
399 2526 592 2570 consilio
624 2526 798 2569 curavit
837 2524 1093 2568 Auctorum
1135 2526 1402 2568 Latinorum
1432 2519 1763 2581 explanatione

266 2594 417 2637 literas
451 2593 579 2637 reddi
608 2594 853 2645 faciliores,
884 2607 1018 2649 quam
1057 2608 1111 2636 ne
1149 2594 1277 2637 Tuus
1308 2595 1355 2636 in
1393 2593 1453 2635 iis
1490 2604 1753 2649 progressus

266 2662 593 2714 retardaretur,)
605 2662 670 2705 ita
688 2666 850 2713 tamen,
868 2675 973 2704 cum
991 2666 1095 2704 tuus
1117 2667 1163 2705 et
1183 2665 1340 2718 patriae
1362 2662 1422 2705 sit
1438 2665 1582 2718 pater,
1597 2661 1755 2705 habuit

268 2735 441 2774 tuorum
462 2731 711 2773 studiorum
730 2732 966 2782 rationem,
991 2737 1043 2774 ut
1075 2732 1276 2787 aliquam
1309 2732 1591 2788 publicorum
1611 2730 1754 2772 duxe-

267 2799 337 2841 rit.
398 2799 514 2842 Cum
535 2799 689 2842 Gallia
702 2799 800 2855 jam
819 2800 989 2842 floreret
1009 2801 1216 2843 omnibus
1243 2802 1430 2852 artibus,
1452 2813 1554 2842 eam
1573 2810 1754 2854 quoque

268 2866 364 2916 fieri
379 2867 519 2912 voluit
538 2868 737 2912 omnium
754 2867 948 2925 gentium
966 2867 1287 2915 doctissimam.
1349 2870 1406 2913 In
1435 2868 1503 2912 Te
1521 2879 1755 2914 varocum

1996 1642 2002 1914 Ξ
