2008 3210
356 242 453 289 340

357 351 499 380 strenua
509 346 766 380 medicamenta
780 355 847 378 non
862 346 1000 389 quidem
1012 354 1074 387 pe-

357 400 451 431 nitus
467 399 646 438 omittunt,
663 397 724 430 sed
741 407 818 430 curn
833 406 918 429 cura
933 400 971 429 et
994 396 1074 428 soli-

357 448 515 492 citudine
542 448 720 481 adhibent.
773 447 863 480 Haec
889 446 1072 479 solicitudo

357 511 427 536 non
443 511 563 543 parum
580 504 749 541 creverat,
765 500 958 542 perspectis
982 498 1072 540 reip.

357 553 489 586 morbis
501 552 666 595 paulatim
679 549 982 591 invalescentibus,
994 559 1074 582 auc—

360 610 466 647 taque
494 603 641 636 incivilis
669 602 828 635 elationis
865 600 1072 644 cupiditate.

359 654 554 696 Praecipuae
593 653 862 692 observationis*
885 656 940 685 est
975 652 1072 684 locus

358 705 514 747 Appiani
531 705 621 737 Bell.
641 704 716 737 Civ.
731 713 757 738 1.
783 714 819 746 p.
836 706 911 736 359.
937 712 1014 736 curn
1038 702 1074 733 in

360 756 511 790 tumultu
526 755 660 788 Tiberii
675 755 827 788 Gracchi
842 754 1001 794 miratur,
1014 762 1074 785 ne-

358 808 456 850 mini,
465 817 576 849 neque
588 811 659 839 tum
671 816 780 848 neque
793 810 927 848 postea,
937 804 970 836 in
983 814 1075 836 men-

360 863 432 893 tem
464 858 600 890 venisse
637 858 833 890 Dictaturae
872 854 1075 895 remedium,

360 919 429 952 quo
443 908 598 950 respubl.
615 918 709 949 saepe
732 917 752 939 e
769 906 927 938 maximis
945 906 1077 947 pericu-

358 963 403 995 lis
417 962 652 994 convaluerat.
676 959 738 992 Καί
756 972 821 1000 μοι,
835 959 957 1002 inquit,
977 960 1078 998 θαῦμα

362 1011 605 1053 καταφαίνεται,
635 1009 674 1042 τὸ
696 1008 852 1041 πολλάκις
878 1009 912 1040 ἐν
942 1010 1078 1040 τοιοῖσδε

361 1061 472 1104 φόβοις
494 1062 544 1094 διὰ
566 1063 623 1100 τῆς
649 1059 875 1103 αὐτοκράτορος
900 1060 1000 1102 ἀρχῆς
1015 1061 1078 1092 δια-

364 1112 593 1155 σεσωσμένους,
621 1111 696 1144 τότε
731 1112 801 1153 μηδ’
840 1111 889 1143 ἐπὶ
924 1112 995 1143 νοῦν
1023 1111 1080 1143 τὸν

360 1165 548 1207 Δικτάτωρα
575 1166 700 1204 λαβεῖν,
725 1163 812 1196 ἀλλὰ
839 1162 1080 1205 χρησιμώτατον

359 1219 428 1249 τοῖς
440 1215 599 1259 προτέροις
611 1214 684 1247 τόδε
698 1214 736 1247 τὸ
751 1214 843 1256 ἐρὙὸν
858 1213 990 1256 εὑρεθὲν,
1009 1214 1080 1254 μηδ’

362 1268 396 1300 ἐν
414 1266 518 1311 μνήμῃ
529 1268 595 1299 τοῖς
609 1267 742 1299 πολλοῖς
756 1265 815 1308 ἄρα
828 1264 987 1307 γενέσθαι,
999 1264 1081 1305 μήτε

360 1318 448 1359 τότε,
462 1318 543 1359 μήτε
562 1318 704 1360 ὕστερον.
750 1317 852 1351 Quod
878 1317 941 1358 ait,
966 1326 1079 1359 neque

361 1374 487 1412 postea
513 1370 549 1402 in
573 1373 723 1402 mentem
751 1369 890 1400 venisse
920 1368 1079 1411 cuiquam

363 1422 429 1454 hoc
461 1420 649 1454 remedium
683 1420 943 1462 αὐτοκρατορικῆς
969 1418 1081 1461 ἀρχῆς,

364 1476 468 1505 caute
494 1471 735 1513 accipiendum
762 1474 825 1503 est.
871 1471 962 1503 Nam
992 1470 1079 1502 illud

364 1523 431 1562 SC.
458 1532 526 1565 quo
553 1526 674 1564 postea
694 1522 730 1554 in
757 1523 797 1555 C.
817 1522 968 1555 Gracchi
993 1522 1080 1554 sedi-

363 1575 457 1621 tione
471 1574 612 1616 Opimio
627 1574 704 1606 Cos.
718 1574 865 1616 primuni
879 1573 1078 1606 mandatum

364 1630 432 1668 est,
454 1626 465 1644 ‘
479 1626 614 1659 videret
639 1635 683 1657 ne
710 1625 793 1668 quid
820 1626 957 1667 respub.
974 1625 1081 1658 detri-

363 1677 472 1710 menti
488 1676 658 1719 caperet‚'
687 1676 770 1719 quid
786 1676 879 1708 aliud
902 1680 1000 1709 notat
1016 1677 1081 1709 nisi

365 1727 595 1768 commissum,
618 1736 719 1768 quam
746 1726 979 1768 plenissimum
1005 1737 1082 1759 esse

364 1783 496 1821 potest,
512 1779 708 1820 imperium,
731 1778 815 1817 sive,
834 1781 874 1810 ut
889 1778 1081 1811 rectissime

363 1829 403 1861 in
445 1829 614 1862 Gracchis
659 1829 869 1861 Plutarchus
916 1830 1084 1872 explicat,

362 1878 619 1912 ‘Dictatoriam
651 1878 895 1920 potestatem?
940 1880 990 1912 Ut
1015 1881 1082 1913 cla-

366 1939 442 1971 rum
478 1930 536 1971 sit,
565 1929 702 1962 nomine
734 1930 941 1970 Dictaturae,
966 1930 1010 1962 ob
1039 1932 1078 1963 ti-

365 1990 510 2022 morem,
537 1991 638 2023 quem
657 1981 770 2013 innuit
785 1979 953 2023 Velleius,
978 1981 1083 2015 absti-

365 2031 505 2072 nuisseg
530 2040 602 2063 rem
618 2031 727 2073 ipsam
755 2036 986 2079 taiiien‚lpost
1011 2032 1082 2064 lon-

370 2083 503 2127 giorem
539 2080 782 2123 cessationem,
812 2079 988 2116 reduxisse
1015 2085 1084 2116 Ro-

365 2143 499 2166 manos.
545 2132 622 2167 Etsi
646 2140 761 2167 antem
779 2135 1006 2177 [monarchici
1021 2135 1082 2166 im-

366 2184 472 2227 perii]
486 2195 609 2218 nomen
627 2186 827 2227 ejuraverat
849 2186 1083 2218 amantissima

366 2235 543 2274 libertatis
560 2237 696 2277 civitas,
713 2242 827 2270 tamen
844 2241 898 2269 tot
921 2237 987 2268 illis
1002 2237 1083 2269 arti-

367 2287 431 2320 bus
448 2288 529 2329 suis,
546 2293 642 2320 tauto
658 2289 771 2330 legum
796 2289 1084 2331 consiliorumque

367 2331 632 2380 apparatu,non
647 2339 761 2380 potuit
774 2349 867 2371 suam
883 2339 1083 2372 libertatem

367 2398 493 2431 regere
521 2392 626 2431 atque
654 2399 870 2431 conservare,
897 2391 979 2432 quin
1007 2390 1084 2422 sub-

366 2439 450 2472 inde
485 2439 529 2472 ad
562 2441 699 2482 plenam
725 2440 835 2472 Unius
866 2445 1089 2482 potestatem„

367 2490 433 2535 sub
460 2490 603 2523 diversis
628 2490 766 2533 quidem
798 2491 1006 2529 nominibus,
1030 2500 1085 2522 re·

369 2543 578 2577 currendum
603 2543 769 2583 haberet3
801 2543 911 2575 donec
937 2542 1085 2585 denique

367 2593 509 2636 penitus
539 2593 574 2625 in
602 2603 678 2625 eam
696 2591 903 2635 'imperandi
941 2591 1085 2625 formam

368 2637 557 2686 recideret,
583 2649 686 2687 atque
710 2643 760 2675 ita
787 2644 828 2675 ab
854 2643 1011 2684 interitu,
1026 2644 1085 2686 qui

370 2703 416 2726 ex
439 2695 567 2727 morbis
594 2694 766 2727 libertatis
792 2694 1005 2734 imminebat,
1032 2704 1084 2726 re-

370 2749 542 2787 surgeret.
565 2745 711 2777 Boecler.

388 2790 398 2842 ἶ
415 2794 597 2828 Immodicoe
611 2795 827 2837 crudelitatis]
861 2795 971 2836 Quam
997 2802 1086 2837 prse—

371 2845 490 2890 sertim
526 2847 694 2891 graphice
730 2845 932 2880 describunt
966 2844 1085 2878 Valet.

662 250 807 283 NOTAE
843 250 1112 288 vARmRUM
1146 248 1197 282 IN
1234 248 1524 282 PATERCUM

1123 345 1221 379 Max.
1239 354 1291 378 rx.
1304 348 1336 378 2.
1359 345 1456 378 Plut.
1480 345 1565 387 Syll.
1591 343 1774 386 Angustia.
1789 342 1840 376 de

1123 396 1164 429 C.
1179 397 1226 429 D.
1243 405 1300 429 ιιι.
1314 399 1369 429 27.
1383 401 1420 428 et
1435 398 1490 428 28.
1514 395 1643 428 Lucan.
1655 403 1696 427 ιι.
1711 394 1840 428 Senec-

1123 446 1168 478 de
1195 445 1579 480 Clem.1.12.1d.de
1606 444 1751 478 Provid.
1776 454 1842 480 m..

1123 497 1252 540 aliique
1267 498 1396 539 plures.
1418 497 1520 530 Idem.

1167 549 1296 581 Primus
1325 548 1395 590 ille]
1443 548 1692 590 Impotentiam
1727 547 1835 580 Sullae

1124 599 1247 632 Cicero
1257 598 1462 632 Officiorum
1473 608 1513 632 11.
1523 603 1561 631 et
1568 598 1705 630 Verrrn
1715 596 1838 632 Acta.

1124 650 1184 684 lib.
1200 660 1256 684 ιιι.
1270 651 1322 682 his
1337 650 1452 692 tangit
1468 648 1579 682 verbis
1593 660 1602 682 ι
1625 651 1635 667 ⁴
1650 649 1720 683 Qui
1735 658 1844 682 ausus.

1125 707 1180 735 est
1194 702 1312 735 dicere
1334 702 1431 734 hasta
1453 701 1578 744 posita,
1603 710 1681 732 cnm
1697 701 1786 732 bona
1800 700 1836 733 in

1125 751 1200 785 foro
1227 752 1405 794 venderet,
1432 755 1469 784 et
1494 751 1659 783 bonorum
1685 749 1840 784 virorum,

1125 807 1163 835 et
1178 804 1414 846 locupletium,
1438 806 1474 834 et
1487 808 1583 835 certe
1597 801 1838 844 civium-,prae-

1126 853 1204 886 dam
1220 864 1315 886 suam
1328 864 1364 886 se
1378 852 1553 886 vendere!
1597 853 1732 885 Praeter
1747 851 1839 885 ordi-

1127 905 1243 938 narios
1279 905 1438 937 meminit
1474 904 1672 947 Dionysius,
1719 903 1838 937 Caesar

1129 956 1220 987 neu.
1237 955 1338 988 eivu.
1358 955 1418 987 ub.
1434 964 1459 988 ι.
1484 955 1679 988 sallustius.
1703 946 1851 996 Sonegk.

1131 1007 1258 1039 Primus
1283 1005 1352 1047 ille]
1386 1006 1564 1048 Appianus
1595 1006 1684 1039 Bell.
1707 1005 1784 1039 civ.
1810 1014 1838 1039 1.

1129 1068 1163 1099 p.
1178 1060 1255 1089 409.
1279 1054 1369 1089 οὗτος
1383 1056 1446 1099 ’γὰρ
1465 1057 1553 1088 δοκεῖ
1562 1058 1682 1098 πρῶτος
1697 1055 1749 1089 οὓς
1771 1055 1840 1088 ἐκό-

1129 1115 1211 1141 λασε
1236 1106 1357 1149 θανάτῳ
1381 1107 1570 1155 προγράψαι,
1596 1108 1648 1140 καὶ
1670 1107 1750 1150 ’γέρα
1773 1109 1840 1141 τοῖς

1129 1162 1300 1203 ἀναιροῦσι,
1318 1159 1370 1192 καὶ
1384 1159 1550 1201 μηνύματα
1571 1161 1638 1193 τοῖς
1655 1159 1840 1202 ἐλέγχουσι,

1129 1211 1181 1245 καὶ
1195 1211 1341 1245 κολάσεις
1361 1214 1428 1244 τοῖς
1447 1211 1634 1254 κρύπτουσιν
1649 1210 1838 1254 ἑπιγράψαιε

1129 1265 1198 1298 Hic
1212 1266 1294 1297 enim
1305 1263 1441 1306 primus,
1461 1274 1537 1305 quos
1550 1264 1652 1305 capite
1662 1264 1772 1304 plexos
1785 1274 1840 1296 cu-

1126 1317 1246 1358 piebat,
1258 1315 1458 1358 proscripsit,
1480 1319 1512 1348 et
1532 1315 1663 1356 proemia
1683 1325 1840 1357 percusso-

1127 1368 1215 1400 ribus
1233 1367 1492 1409 proscriptorum,
1520 1366 1654 1408 itemque
1675 1367 1841 1400 latentium

1128 1420 1294 1459 indicibus,
1316 1429 1413 1460 neque
1427 1419 1530 1451 minus
1548 1428 1656 1459 poenos
1669 1418 1842 1455 celantibus

1128 1473 1261 1503 latentes
1282 1470 1466 1512 proposuit.-
1497 1469 1588 1512 qnod
1620 1474 1656 1502 et
1684 1469 1840 1502 Velleius

1129 1524 1259 1555 Noster
1282 1532 1361 1554 mox
1381 1521 1532 1563 subjicit.
1577 1521 1710 1554 Clarius
1723 1525 1841 1554 autem

1130 1573 1352 1613 Plutarchus,
1385 1572 1395 1590 ‘
1412 1571 1624 1612 receptatori
1655 1569 1842 1612 proscripti

1130 1628 1166 1656 et
1179 1623 1346 1656 servatori
1362 1621 1546 1664 capitalem
1562 1631 1699 1663 poenam
1710 1620 1840 1656 denua.-

1131 1674 1265 1713 tiatam,
1289 1683 1358 1706 non
1372 1673 1529 1715 exceptis
1544 1671 1720 1714 fratribus,
1750 1670 1849 1712 filiis,

1130 1725 1353 1768 parentibus3
1377 1724 1571 1766 percussori
1598 1723 1678 1756 bina
1711 1723 1849 1756 talenta

1131 1777 1311 1819 promissa,
1337 1775 1471 1808 etiamsi
1496 1785 1614 1807 servus
1641 1775 1844 1816 Dominum,

1130 1826 1222 1860 filius
1240 1833 1419 1868 parentem
1436 1825 1695 1868 interfecisset‚’
1714 1835 1842 1860 memo·

1132 1882 1199 1910 rat.
1222 1878 1370 1910 Boecler.

1175 1929 1198 1960 J
1203 1929 1342 1960 udicium
1356 1928 1505 1960 histrioni
1517 1926 1653 1969 exoleto]
1681 1925 1775 1960 Alibi
1788 1927 1842 1970 [in

1132 1979 1330 2021 Epistolic.]
1368 1979 1574 2012 tentavimus
1602 1978 1692 2010 hunc
1727 1978 1843 2011 locum

1132 2031 1307 2073 etiamque
1334 2031 1404 2063 alii.
1449 2030 1552 2062 Nunc
1578 2029 1736 2071 placeatz
1753 2027 1844 2068 judi-

1132 2083 1216 2116 cium
1238 2082 1273 2114 in
1299 2081 1482 2114 histrionem
1509 2090 1551 2112 ex
1575 2079 1656 2112 albo.
1700 2079 1791 2112 Nam
1807 2079 1843 2112 id

1132 2143 1252 2166 verum
1276 2137 1344 2173 est,
1368 2135 1405 2164 et
1429 2130 1565 2172 legibus
1590 2139 1659 2162 xrr.
1683 2129 1757 2162 tab.
1771 2130 1844 2162 ani-

1132 2184 1304 2217 madversi
1329 2187 1463 2216 actores
1490 2187 1550 2214 aut
1574 2182 1769 2223 histriones,
1786 2177 1847 2225 qui

1134 2245 1275 2268 carmen
1305 2234 1509 2266 actitassent
1539 2232 1631 2276 quod
1669 2231 1846 2265 infamiam

1133 2284 1346 2327 flagitiumve
1372 2284 1506 2317 faceret
1535 2283 1647 2316 alteri.
1690 2283 1734 2315 In
1754 2282 1845 2316 bona

1135 2337 1225 2368 omni
1250 2337 1340 2378 Rep.
1366 2335 1414 2367 ita
1441 2335 1600 2367 solitum:
1623 2333 1793 2367 hodierna
1807 2333 1848 2366 li·

1135 2386 1249 2418 centia
1273 2396 1374 2428 quam
1404 2384 1551 2418 effi-mnis
1580 2386 1759 2427 solutaque
1785 2385 1845 2418 es!

1135 2436 1223 2479 Lips.
1266 2437 1430 2469 Judicium
1447 2436 1596 2468 histrioni
1609 2434 1744 2478 exoleto]
1767 2430 1847 2468 Pla-

1136 2493 1193 2520 cet
1218 2488 1370 2520 Grutero
1395 2487 1665 2529 interpretatio:
1688 2486 1853 2519 nimirum

1135 2549 1235 2570 aures
1251 2538 1439 2580 praebuisse
1459 2539 1599 2580 judices
1627 2536 1796 2578 histrioni,
1811 2541 1854 2570 et

1136 2590 1230 2622 cives
1257 2590 1511 2632 qualescunque
1535 2589 1738 2630 castigasse,
1762 2597 1849 2630 quos

1135 2646 1308 2673 constaret
1317 2640 1515 2672 histrionem
1528 2640 1677 2682 aliquem
1689 2639 1850 2681 petulan-

1138 2691 1226 2723 tiore
1249 2696 1386 2723 notasse
1411 2689 1573 2722 convitio.
1620 2689 1754 2731 Lipsius
1777 2687 1848 2722 ma-

1135 2743 1247 2775 luerat
1262 2753 1270 2774 :
1285 2742 1443 2782 judicium
1459 2742 1493 2773 in
1507 2741 1688 2773 histrionem
1702 2749 1744 2772 ex
1767 2739 1857 2777 albo..

1136 2793 1227 2827 Quia
1242 2793 1277 2825 in
1295 2794 1383 2825 Msc.
1399 2791 1462 2824 fuit
1469 2791 1630 2833 judicium
1645 2788 1848 2823 historiarum

1134 2855 1176 2878 ex
1201 2845 1276 2878 alto.
1309 2844 1470 2879 Boecler.
1530 2840 1683 2884 Exotero]
1718 2840 1846 2879 Exolvit
