2002 3250
303 280 390 324 184
743 291 784 322 c.
818 288 1023 320 vunnu
1059 287 1348 321 Psi-ancum

303 388 415 431 bene
433 385 610 430 fortdna
629 385 676 428 in
698 384 881 428 Caesare
901 390 948 428 et
966 384 1197 441 republica
1219 384 1431 428 militavit
1451 384 1509 427 ad
1530 383 1785 431 Orientem!

308 455 491 511 Quippe
510 453 734 497 Antonius
764 453 842 508 [U.
865 467 903 496 c.
925 454 1024 497 718.
1046 466 1086 497 a.
1109 452 1211 496 Chr.
1232 467 1275 495 n.
1294 452 1385 506 35.]
1416 466 1521 496 cum
1559 456 1695 495 xl11.⁰
1721 451 1786 494 le·-

306 523 511 580 gion'ibus
530 523 791 577 ingressus¹0
809 521 1080 575 Armeniam,
1102 512 1158 566 ac
1188 522 1350 566 deinde
1382 521 1602 574 Mediam,
1634 523 1678 563 et
1697 532 1787 577 ¹pei·

306 605 385 635 eas
404 591 610 646 regiones
632 590 823 634 Parthos
853 595 1042 647 petens,¹³
1065 592 1219 635 habuit
1246 604 1397 646 regem
1417 603 1573 634 eorum
1591 588 1785 646 obyium.

307 661 550 716 Primoque
579 658 694 701 duas
717 659 930 714 legioneS,
950 673 1050 704 cum
1080 660 1288 703 omnibus
1315 658 1666 715 impedimentisq
1696 659 1787 702 tor-

306 730 574 784 mentisquer
593 731 638 771 et
656 727 860 771 Statiano
879 729 1024 783 legato
1046 729 1219 782 amisit3
1239 740 1345 771 mox
1365 726 1536 782 saepius
1555 727 1670 781 ipse,
1687 737 1789 768 cum

309 809 483 839 summo
501 796 639 843 totius
658 797 880 839 exercitus
901 796 1179 848 discrimine,
1210 809 1267 839 ea
1297 795 1410 838 adiit
1439 793 1656 850 pericula,
1691 791 1790 849 qui-'-

308 866 430 907 bns¹¹
453 865 621 908 servari
642 877 692 907 se
713 877 849 919 posse
870 864 1209 920 desperaverat;
1241 863 1498 919 amissaque
1522 874 1616 909 non
1644 861 1790 904 minus

309 936 470 988 quarta
489 936 616 989 parte
635 933 842 984 militum,
863 933 1032 986 captivi
1051 931 1321 986 cujusdam„
1339 930 1418 972 sed
1447 929 1660 981 Romani,
1672 941 1790 979 ,con-

310 1002 412 1044 silio
432 1015 487 1044 ac
506 1001 594 1044 fide·
615 1003 831 1044 servatus.
854 1040 857 1041 γ
893 999 987 1052 Qui
1017 999 1146 1042 clade
1178 998 1408 1043 Crassiani
1435 999 1662 1045 exercitus
1683 1010 1791 1053 eap-

312 1073 402 1122 tus,
425 1082 529 1112 cum
549 1068 823 1121 fortunam‚¹²
841 1081 927 1111 non
949 1068 1145 1124 animum
1175 1070 1407 1123 mutasset,
1437 1066 1637 1114 accessit
1650 1068 1792 1113 noete

933 1176 951 1188 O

313 1247 534 1290 Apollini.—-9
549 1246 679 1279 Locum
693 1244 1010 1287 vexatissimum‚ut
1022 1250 1075 1279 est
1087 1245 1122 1278 in
1132 1246 1198 1279 Ed.
1210 1256 1262 1289 pr.
1274 1246 1330 1279 edi
1339 1246 1519 1288 jussimus,
1531 1255 1610 1278 cum
1622 1242 1793 1276 medicina

306 1290 443 1323 certior
453 1290 558 1323 allata
569 1299 636 1322 non
648 1290 705 1322 sit.
728 1290 882 1332 Rhenan.
895 1289 1024 1331 Libinm
1036 1290 1185 1322 mutavit
1197 1290 1231 1322 in
1244 1289 1410 1332 Lepidam,
1420 1289 1477 1322 cui
1488 1287 1742 1322 Bonhommeus
1758 1287 1794 1319 in

314 1338 414 1366 textu
428 1343 489 1366 suo
504 1334 539 1365 in
555 1332 758 1375 praeposuit.
793 1333 859 1365 Ed.
874 1333 983 1365 Basil.
999 1337 1081 1374 post
1095 1334 1131 1365 in
1146 1332 1259 1366 Sicilia
1271 1333 1414 1366 verbum
1431 1332 1568 1373 deesse,
1592 1339 1702 1364 vacuo
1714 1339 1794 1373 spa·

315 1377 363 1409 tio
380 1377 515 1417 relicto,
529 1375 747 1416 monstravit,
771 1376 863 1419 quod
879 1376 962 1412 viri,
971 1375 1065 1409 docti
1089 1375 1229 1419 quidam
1256 1376 1348 1419 apud
1372 1375 1598 1418 Schegkium,
1623 1374 1738 1416 ejecto
1758 1374 1794 1406 in

313 1424 396 1453 ante
419 1420 586 1461 Lepidum,
613 1428 687 1451 esse
704 1423 871 1461 putarunt
886 1419 1003 1451 devicit
1014 1431 1028 1458 ‚·
1051 1419 1222 1452 Christius
1236 1429 1319 1453 vero
1342 1420 1377 1451 in
1394 1419 1499 1452 Noct.
1514 1417 1629 1452 Acad.
1647 1416 1736 1450 Obs-
1754 1425 1797 1449 ιι.

313 1466 421 1505 ρ.,39.
437 1463 526 1504 vicit,
540 1466 719 1504 expuncto
739 1467 906 1505 sequente
923 1462 1006 1495 bene.
1052 1462 1245 1505 Schegkius
1261 1463 1337 1505 ipse
1352 1462 1631 1496 Bonhommeum-
1641 1459 1795 1503 probans

314 1506 363 1545 nil
379 1506 442 1539 nisi
460 1506 534 1539 bene
548 1505 697 1538 mutavit
712 1505 746 1537 in
761 1516 862 1547 paene.
907 1505 1047 1538 Acidal.
1065 1506 1137 1542 Qua
1150 1509 1262 1539 oestate
1276 1516 1370 1548 (ptam
1387 1506 1510 1538 Coesari
1518 1514 1670 1548 prospera
1684 1504 1719 1536 in
1734 1503 1796 1536 Le-

308 1550 424 1593 pidam
437 1550 472 1582 in
486 1547 615 1591 Sicilia,
626 1552 693 1580 tam
706 1558 806 1581 scaeva
812 1549 949 1588 fortuna
960 1549 995 1581 in
1010 1548 1168 1581 Coesarem
1182 1553 1215 1582 et
1231 1559 1329 1591 remp.
1342 1550 1396 1590 ξε.
1434 1548 1559 1592 Heius.
1575 1551 1642 1580 tam
1649 1556 1799 1589 prospere

311 1603 371 1636 pro
393 1604 427 1626 re
442 1593 568 1632 civium,
587 1602 697 1635 poene,
711 1593 767 1632 ⁸1¹⁶·-
812 1592 1009 1624 Burmann:
1026 1592 1069 1627 Q.
1083 1602 1123 1623 ω.
1140 1592 1180 1623 C.
1196 1596 1220 1624 t.
1233 1602 1267 1633 p.
1283 1593 1317 1624 in
1338 1592 1493 1633 Lepidum
1508 1593 1543 1625 in
1569 1590 1696 1631 Sicilia,
1722 1590 1798 1622 bene

311 1635 444 1679 fortuna
466 1645 523 1675 pro
549 1634 675 1667 Coesare
696 1638 728 1666 et
750 1644 818 1676 rep.
842 1636 895 1676 δῖα.
947 1633 1270 1666 Probabilissimum
1295 1634 1416 1667 attulit
1441 1635 1687 1667 Ruhnkenius:
1725 1632 1799 1670 Qua

315 1682 425 1711 oestate
442 1679 551 1710 Caesar
565 1681 632 1709 tam
643 1686 788 1718 prospere
802 1677 947 1718 sepelivit
962 1678 997 1709 in
1011 1676 1124 1710 Sicilia
1141 1677 1267 1718 bellum,
1293 1678 1480 1719 (intelligo,
1504 1687 1583 1710 cum
1596 1677 1680 1709 Sex,
1697 1675 1801 1709 Pom-

316 1721 426 1764 peio‚)
443 1721 581 1761 fortuna
602 1721 636 1751 in
654 1721 780 1753 Coesare
802 1724 835 1752 et
856 1720 1020 1762 republica
1028 1720 1164 1752 mutavit
1186 1720 1253 1764 (sc.
1268 1721 1317 1763 se)
1338 1722 1380 1753 ad
1404 1721 1576 1753 Orientem.
1621 1719 1686 1752 vir
1700 1719 1745 1752 D.
1761 1719 1799 1751 in

316 1766 504 1807 Ephemer.
521 1765 576 1796 lit.
593 1763 749 1805 Goeting.
761 1773 791 1796 a.
809 1767 906 1796 1779.
923 1763 1043 1797 Addit.
1060 1773 1094 1805 p.
1113 1767 1188 1797 120.
1204 1764 1314 1797 verba
1324 1765 1362 1806 in
1377 1765 1504 1796 Caesare
1517 1767 1553 1797 et,
1563 1762 1722 1805 republica
1735 1771 1800 1804 pro

315 1808 487 1851 suspectis
495 1807 613 1848 habet,
623 1815 733 1849 eaque
746 1806 836 1839 haud
847 1807 1022 1840 convertit
1034 1806 1230 1842 Jacobsius.
1245 1807 1456 1840 Krane—10
1469 1807 1527 1839 Ita
1538 1807 1604 1840 Ed.
1614 1806 1723 1845 Basa.
1730 1804 1798 1847 Ed.

306 1862 369 1894 pr.
379 1853 622 1893 egressus.-11
641 1849 765 1882 Hcins.
778 1860 795 1892 e
805 1850 936 1892 quibus:
955 1850 1077 1883 Herel.
1089 1850 1198 1892 quibus
1208 1850 1366 1883 vindicari
1375 1860 1407 1883 se
1415 1859 1505 1892 posse
1513 1851 1744 1891 desperaverat,
1755 1858 1800 1880 ex

317 1905 362 1928 11.
373 1897 427 1928 28.
440 1905 483 1927 ne
493 1893 586 1927 idem
598 1892 740 1925 verbum
751 1903 831 1926 mox
845 1898 1015 1926 recurrat.
1036 1893 1168 1926 Servari
1183 1892 1329 1927 forsitan
1341 1903 1360 1926 e
1371 1894 1526 1935 margine
1535 1893 1570 1926 in
1580 1893 1694 1925 locum
1703 1891 1802 1924 verbi

317 1938 478 1971 vindicari
492 1937 641 1979 irrepsit.
659 1937 865 1970 Kraus.-12
882 1937 938 1969 Ita
951 1936 1016 1969 Ed.
1026 1947 1080 1979 pr.
1098 1937 1183 1969 Cod.
1196 1947 1265 1970 cum
1271 1937 1406 1977 fortuna
1417 1947 1478 1969 non
1490 1937 1629 1969 animum
1640 1937 1803 1968 mutasset.

319 1981 498 2014 Succurrit
513 1979 596 2013 mihi
612 1991 620 2012 :
645 1990 713 2012 cam
721 1980 857 2019 fortuna
872 1983 1003 2018 statum,
1017 1991 1080 2013 non
1094 1981 1234 2013 animam
1249 1981 1413 2021 mutasset,
1426 1989 1469 2012 ex
1491 1979 1647 2013 Sallustii
1663 1979 1801 2019 Fragm.

319 2034 357 2067 p.
371 2027 448 2057 999.
472 2023 537 2058 Ed.
555 2024 677 2059 Cortii.
693 2033 748 2066 ap.
765 2023 952 2057 Ruhnken.
967 2025 976 2042 ‘
990 2023 1095 2057 Malae
1113 2024 1346 2067 secundaeque
1362 2034 1416 2057 res
1431 2033 1527 2067 opes,
1542 2033 1611 2057 non
1627 2021 1802 2065 ingenium

991 2131 1024 2164 N
1030 2129 1134 2164 OTAE

318 2223 466 2261 prospere
489 2218 524 2250 in
548 2217 706 2260 Lepidum
731 2218 766 2251 in
793 2217 921 2259 Sicilia,
946 2228 1036 2260 paene

317 2267 455 2307 fortuna
484 2269 520 2300 in
551 2269 711 2301 Coesarem
748 2272 781 2302 et
816 2268 1037 2311 rempublicam

311 2318 475 2359 ,militavit
503 2320 545 2351 ad
581 2319 753 2353 Orientem.
805 2320 893 2354 Qnae
930 2320 1037 2353 lectio

322 2369 404 2401 mihi
429 2370 569 2411 placere
597 2375 731 2411 posset,
756 2371 784 2403 si
800 2371 883 2413 quid
899 2371 1038 2404 adversi

323 2419 367 2452 ad
384 2418 565 2452 Orientem
583 2420 712 2454 Caesari
729 2421 920 2463 contigisse
945 2422 1038 2463 lege-

318 2479 418 2507 rem:
450 2480 528 2502 cum
559 2479 640 2503 vero
670 2471 785 2504 omnia
808 2470 962 2505 feliciter
988 2472 1038 2504 illi

324 2521 506 2562 cesserint,
529 2522 670 2563 probari
699 2523 780 2555 mihi
807 2533 875 2555 non
907 2527 1037 2566 potest.

325 2573 432 2605 Certe
469 2572 660 2614 codicibus,
701 2584 769 2607 non
805 2574 1039 2608 emendatoris

326 2624 528 2666 conjectura
544 2634 630 2667 opus
652 2630 718 2658 est.
760 2626 855 2659 Satis
871 2625 980 2668 igitur
1002 2630 1039 2659 et

326 2676 400 2708 aliis
438 2680 475 2708 et
502 2677 585 2709 mihi
610 2677 678 2720 erit
709 2676 868 2719 proferre
900 2687 1038 2710 sensum

325 2728 415 2760 loci:
451 2729 480 2760 is
513 2729 571 2770 sit,
606 2730 684 2764 Qua
710 2721 980 2762 aestate'caesar
1003 2729 1040 2762 in

325 2779 443 2812 Sicilia
456 2780 545 2813 adeo
562 2790 727 2823 prospere
740 2780 909 2823 pugnavit
923 2781 959 2814 in
975 2780 1041 2813 Le-

329 2829 469 2871 pidum3
493 2830 615 2864 eadem
631 2831 772 2865 fortuna
788 2832 863 2876 ipsa
879 2842 977 2876 aeque
992 2830 1041 2864 fe·

328 2880 441 2914 liciter
466 2891 530 2923 pro
557 2883 696 2916 Caesare
722 2887 758 2932 et
784 2893 846 2927 pro
863 2883 1042 2930 republica

1090 2218 1253 2252 militavit
1268 2218 1311 2250 ad
1324 2217 1514 2260 Orientem.

1134 2274 1150 2291 ⁰
1174 2268 1301 2310 XIII.]
1333 2267 1457 2301 Scribe
1471 2277 1549 2300 cum
1566 2265 1804 2300 Freinshemio

1091 2320 1260 2353 sexdecim.

1135 2377 1151 2399 Ρ
1175 2372 1316 2404 Parthos
1341 2371 1465 2413 petens]
1487 2370 1694 2404 Notissimos
1711 2369 1805 2403 Asiae

1094 2424 1251 2466 populos,
1276 2423 1358 2455 olim
1379 2422 1486 2455 totins
1511 2421 1649 2464 imperii
1671 2420 1807 2454 Persici

1085 2475 1262 2517 dominos.

1086 2540 1091 2544 ·
1137 2532 1152 2554 ‘¹
1176 2526 1429 2568 Impedimentis]
1450 2525 1492 2558 In
1520 2525 1677 2558 exercitu
1702 2524 1810 2566 impe-

1084 2579 1249 2620 ‚dimenta
1273 2578 1446 2619 ,dicuntur
1489 2577 1649 2621 sarcinae,
1681 2576 1808 2608 instru-

1094 2635 1224 2672 menta,
1251 2634 1287 2663 et
1315 2630 1444 2672 quaevis
1471 2639 1526 2661 res
1554 2628 1631 2660 aliae
1658 2636 1738 2669 quae
1763 2626 1807 2658 ad

1094 2682 1268 2717 exercitus
1281 2691 1380 2715 usum
1393 2679 1640 2737 cpnferuntur:
1658 2677 1808 2718 Gallice,

1094 2735 1122 2766 le
1138 2733 1270 2775 bagage.
1414 2742 1437 2775 ᾳ

1138 2789 1151 2806 ¹·
1177 2782 1428 2828 Tor-mentisque]
1451 2783 1693 2826 Interpretare
1709 2778 1809 2812 belli-

1096 2846 1155 2870 cas
1181 2836 1368 2876 machinas,
1393 2845 1472 2878 quae
1499 2844 1595 2878 saxa,
1620 2834 1706 2876 tela,
1722 2838 1758 2868 et
1773 2833 1809 2867 id

1097 2898 1207 2931 genus
1224 2887 1290 2921 alia
1307 2890 1497 2940 torquent..
1539 2927 1543 2930 ι
