2002 3250
0 998 4 1014 v
0 977 4 988 v
0 926 5 956 v.
0 480 9 918 *monn-9:¹⁶3*
3 434 10 478 ,ι-

562 251 814 284 msromAE
849 253 1072 287 ROMANAE
1107 254 1206 286 mn.
1241 253 1294 287 ιι.
1325 244 1398 287 80.
1636 243 1721 287 181

235 351 289 397 ,et
308 350 360 392 'ut
377 347 524 391 navali
544 348 686 404 primo
706 349 864 404 praelio
884 349 1006 404 apud
1026 349 1195 405 Mylas0
1213 350 1351 393 ductu
1375 346 1591 406 Agrippae
1611 362 1724 406 pug-

241 419 394 460 natum
406 426 638 472 prospere,
673 417 1000 473 ita'inopinato
1034 419 1196 461 classis
1222 416 1489 475 (adversae)⁹
1523 418 1723 461 adventu

238 485 387 539 gravis
417 485 504 527 sub
523 485 670 540 ipsius
702 483 899 528 Caesaris
928 486 1071 529 oculis
1106 488 1226 530 circa
1254 484 1622 534 Tauromeniumd
1649 499 1724 530 ac-

239 555 370 607 cepta
398 552 576 597 clades:
606 566 751 608 neque
782 554 969 610 abipso
997 555 1248 610 periculum
1268 555 1426 599 abfuit.
1486 555 1724 610 Legiones,

231 633 348 680 ,quaet
382 635 484 665 cum
524 620 769 665 Cornificio
807 626 945 675 erant,
983 622 1137 678 legato
1172 623 1385 676 Gaesaris,
1422 624 1649 679 expositae
1676 625 1725 666 in

231 692 370 744 terra,
389 703 521 746 paene
541 704 571 734 a
597 690 815 746 Pompeio
835 697 1069 747 oppressae
1094 695 1211 734 sunt.
1273 692 1363 734 Sed
1394 692 1608 748 ancipitis
1636 692 1725 735 for-

230 761 346 801 tuna
364 760 574 815 temporis
592 763 801 803 maturam
820 760 983 803 virtute
1003 765 1214 805 correcta.
1264 761 1535 817 Explicatis²
1554 761 1724 818 quippe

237 827 466 883 utriusque
497 829 639 883 partis
673 829 914 887 classibus,
932 843 1062 886 paene
1101 830 1311 873 omnibus
1341 833 1507 872 exutus
1528 831 1724 873 navibus

230 895 482 952 :Pompeius
501 895 663 940 Asiam
680 897 792 951 fuga
811 898 984 952 petivit,
1015 898 1241 953 jussuque
1277 897 1343 941 M.
1358 897 1565 951 Antonii,
1592 899 1724 954 cnjus

237 976 371 1020 opem
390 965 594 1020 petierat,
616 964 723 1010 dum
749 965 861 1008 inter
880 965 1043 1009 ducem
1062 969 1107 1009 et
1133 966 1386 1021 supplicem
1413 967 1724 1018 tumultuatur,

235 1039 282 1079 et
303 1049 423 1079 nunc
458 1035 717 1090 dignitatem
744 1036 922 1088 retinet,
948 1048 1068 1079 nunc
1104 1036 1244 1080 vitam
1279 1040 1503 1091 precatur,
1540 1049 1572 1078 a
1599 1036 1723 1079 Titio

230 1103 464 1160 jugulatus
497 1101 620 1148 estfl
646 1103 724 1159 [U.
746 1116 785 1146 c.
805 1104 906 1147 719.
937 1117 980 1147 a.
1010 1103 1114 1146 Chr.
1142 1117 1187 1148 ιι.
1207 1103 1302 1158 34.]
1344 1103 1430 1148 Cui
1462 1104 1512 1146 in
1545 1107 1722 1147 tantum

231 1173 415 1223 duravit
443 1173 530 1216 hoc
557 1173 754 1230 facinore
786 1177 1065 1217 contractum
1098 1173 1268 1225 odium,
1288 1176 1341 1216 ut
1372 1187 1482 1216 mox
1512 1173 1647 1216 ludos
1677 1174 1724 1216 in

230 1241 407 1284 theatro
444 1241 650 1298 Pompeii
688 1241 877 1294 faciens,
917 1242 1210 1285 execratione
1240 1241 1416 1298 populi,
1443 1241 1723 1297 spectaculo,

236 1310 362 1366 quod
377 1311 622 1367 praebebat,
641 1311 895 1367 pelleretur.
939 1351 942 1353 .
1009 1351 1013 1354 .

292 1379 365 1423 80.
394 1378 642 1423 Acciverat
671 1379 751 1435 [U.
789 1393 831 1423 c.
857 1379 959 1423 718.
981 1392 1022 1422 a.
1045 1378 1150 1423 Chr.
1170 1393 1213 1422 n.
1233 1379 1307 1423 35.
1309 1379 1343 1433 ],
1377 1353 1532 1434 gerens
1567 1349 1724 1424 contra

235 1448 506 1505 Pompeium
537 1448 715 1500 bellum,
749 1460 811 1490 ex
850 1447 1010 1491 Africa
1042 1447 1200 1492 Caesar
1233 1448 1458 1504 Lepidum
1489 1462 1595 1491 cum
1628 1460 1723 1491 xu.

235 1517 488 1573 semiplenis
518 1516 781 1575 legionibus
843 1516 938 1560 Hic
950 1517 1028 1560 vir
1049 1518 1247 1560 omnium
1272 1518 1559 1570 vanissimus,
1579 1531 1723 1574 neque

234 1586 327 1629 ulla
341 1586 502 1629 virtute
518 1589 610 1628 tam
630 1586 806 1640 longam
825 1585 1012 1628 fortunae
1033 1585 1571 1641 indulgentiam—meritus,
1595 1599 1724 1629 exer-

159 1703 166 1709 *
236 1654 376 1698 citum
407 1653 631 1710 Pompeii,
652 1654 759 1709 quia
784 1653 965 1709 propior
993 1653 1151 1706 fuerat,
1171 1657 1432 1710 sequentem
1448 1668 1538 1698 non
1556 1655 1723 1710 ipsius,

237 1722 320 1765 sed
342 1722 540 1766 Caesaris
560 1721 876 1765 auctoritatem
907 1734 963 1764 ac
992 1721 1139 1773 fidem,
1160 1722 1248 1764 sibi
1259 1722 1490 1778 junxerat:
1519 1722 1725 1776 inflatus-

229 1796 323 1847 'que
339 1791 535 1847 amplius
558 1783 651 1833 xx.
671 1790 896 1846 legionum
916 1803 1116 1843 numero,
1138 1790 1186 1833 in
1221 1790 1268 1834 id
1301 1790 1462 1834 furoris
1489 1803 1725 1848 processe—

236 1866 319 1913 rat,
338 1864 390 1903 ut
408 1859 579 1903 inutilis
599 1859 758 1903 alienae
790 1860 1031 1905 victoriae¹¹
1059 1873 1231 1914 comes,
1249 1873 1382 1918 quam
1412 1859 1491 1903 diu
1523 1862 1723 1904 moratus

279 1996 289 2015 ⁸
312 1995 400 2028 Dum
414 1995 524 2028 turbas
538 1995 621 2037 agie,
635 1994 837 2039 &fluctuans
853 1997 942 2029 inter
955 2006 1140 2039 personam
1157 1996 1247 2029 ducis
1261 1980 1293 2029 et
1307 1995 1472 2039 supplicis,
1483 2004 1568 2028 nunc
1581 1994 1724 2036 dignita-

239 2042 302 2072 tem
315 2040 445 2082 retinet,
459 2049 542 2072 nunc
556 2039 657 2073 vitam
669 2039 783 2083 pou-it,
797 2040 983 2080 interfectus
995 2044 1042 2074 est
1057 2051 1078 2073 a
1096 2040 1194 2073 Titio.

853 2137 1094 2152 “comete-10

236 2202 317 2236 ken.
330 2202 475 2246 Bipont.
493 2205 530 2236 et
542 2203 585 2236 al.
599 2203 741 2237 Vascos.
755 2202 822 2236 Ed.
833 2202 944 2235 Basil.
957 2205 994 2235 et
1007 2201 1119 2245 Lugd.
1133 2202 1212 2235 But.
1223 2204 1256 2236 2.
1266 2203 1373 2235 chasse.
1375 2203 1441 2234 -9
1456 2200 1619 2243 Αάυενειε,
1629 2201 1724 2243 quod

235 2246 272 2279 iu
294 2246 384 2279 Edd.
402 2246 557 2297 plurimis
571 2246 685 2289 deest,
712 2255 757 2280 ex
779 2245 901 2279 Heius.
925 2250 962 2278 et
985 2246 1169 2279 Ruhnken.
1186 2246 1391 2289 conjectura
1413 2245 1582 2278 insertum
1609 2249 1663 2277 est
1690 2244 1724 2276 iu

234 2289 302 2322 Ed.
317 2289 444 2323 Kraus.
460 2295 498 2323 et
513 2289 659 2333 Bipont.
672 2300 742 2323 sec.
774 2290 897 2323 Herel.
909 2289 1068 2323 mavult
1057 2299 1140 2332 mop.
1155 2289 1359 2332 Pompeiam
1374 2289 1496 2322 eleusis.
1503 2291 1586 2321 —10
1603 2288 1721 2321 Ruhn-

227 2332 313 2366 ken.
328 2334 428 2369 malit
442 2337 580 2375 mature,
595 2333 713 2377 quod·
704 2343 739 2366 ιιι
756 2337 891 2367 textum
909 2333 1043 2376 recepit
1059 2332 1147 2366 Clud
1151 2336 1247 2367 .——11
1273 2332 1332 2366 Ita
1344 2331 1409 2366 Ed.
1428 2342 1479 2375 pr.
1490 2332 1635 2374 Bipont.
1651 2342 1724 2364 see.

233 2375 336 2411 clud.
361 2381 399 2411 et
420 2378 466 2412 al.
498 2376 586 2412 Cod.
616 2378 652 2410 in
676 2377 789 2411 alienae
816 2377 980 2412 victoria:
1021 2377 1145 2425 Burer.
1171 2377 1206 2410 in
1232 2377 1337 2410 alienu
1369 2375 1514 2419 victoria,
1543 2375 1716 2419 probante

906 2486 938 2519 N
944 2486 1050 2519 0⁹1*AE

280 2573 293 2590 ⁶
315 2567 414 2611 Apud
429 2568 552 2612 Mylas]
575 2568 670 2602 Urbs
685 2573 739 2603 ent
753 2568 898 2613 Sicilioe,
914 2570 949 2603 iu
1006 2570 1087 2605 dum
1104 2574 1294 2603 certamen.

236 2619 322 2653 valle
338 2619 518 2661 Demonae,
533 2620 636 2662 vulgo
651 2621 805 2655 Milone.
1049 2618 1061 2641 ¹
1080 2620 1110 2654 A
1131 2620 1224 2652 Titio
1233 2618 1404 2660 jugulatus
1415 2616 1477 2659 eet]
1507 2616 1596 2649 Ubi?
1642 2616 1724 2649 Non

228 2701 232 2705 .
279 2670 296 2693 ‘¹
320 2671 580 2714 Tauromenium]
604 2671 645 2705 In
660 2671 779 2705 Sicilia
803 2681 952 2716 quoque,
1006 2672 1041 2704 in
1069 2672 1155 2705 urbe
1182 2670 1347 2713 Phrygiae
1375 2668 1522 2709 Midaio,
1546 2671 1587 2700 ut
1616 2667 1724 2702 Dioni

227 2732 303 2762 ‚nou
325 2723 446 2765 procul
471 2733 492 2755 ιι
507 2715 674 2766 Drepa'no
690 2723 950 2766 promontorio5
1006 2724 1146 2766 placet:
1172 2722 1233 2754 sed
1250 2720 1381 2760 Mileti,
1407 2725 1448 2752 ut
1475 2718 1591 2760 Floro,
1614 2717 1724 2761 Appi-

236 2773 547 2818 νιιΙςολΤαονηιίιιιι.
1007 2784 1086 2816 ano,
1109 2778 1146 2806 et
1171 2771 1336 2805 Straboni
1362 2770 1517 2813 ejusdem
1542 2778 1726 2813 propemo-

276 2828 291 2846 ·
314 2824 514 2868 Explicatis]
562 2824 605 2858 Id
644 2829 712 2868 est,
744 2825 779 2859 in
815 2825 951 2869 patenti
998 2825 1088 2862 ,dum
1117 2823 1292 2867 temporis
1319 2821 1496 2865 scriptori,
1523 2820 1638 2865 Geog.
1661 2821 1721 2855 lib.

235 2875 310 2909 loco
325 2876 492 2919 expositis
508 2880 545 2910 et
571 2876 750 2911 instructis
774 2877 818 2911 ad
832 2877 950 2912 ineun-
1005 2885 1066 2911 ιιι.
