2008 3210
359 279 491 324 xlviii

361 389 440 422 Esse
454 387 618 433 (existere)
640 388 664 426 i,
680 391 721 422 13

359 432 402 465 Et
415 434 463 475 (in
477 432 625 475 transitu)
647 431 669 469 i,
689 435 722 465 4.
739 434 791 465 12.
807 431 840 471 ii,
858 434 891 465 4.
904 435 936 464 5.
952 434 1006 465 32.
1020 434 1073 465 83.

406 479 460 508 39.
472 479 514 509 88
537 476 610 518 (pro
620 480 656 508 et
668 474 813 518 quidem)
836 475 870 514 ii,
884 479 938 509 55.
954 479 998 508 60

361 518 526 561 Evagandi
549 519 607 550 sibi
622 519 702 550 viam
717 518 860 551 feceruut
883 518 1027 561 exempla
1040 518 1075 562 (a

405 568 491 594 recta
501 563 551 593 via
564 561 637 604 sel.)
658 562 692 599 ii,
708 565 727 595 3

362 604 492 637 Evasuri
509 616 579 636 mox
592 605 672 636 tanti
691 605 748 636 viri
775 605 997 637 documentum
1011 604 1076 647 (fu-

406 648 485 692 turi)
508 650 541 687 ii,
558 653 613 682 42.
627 651 670 681 94

363 690 518 726 Evexerat
543 703 614 723 eum
640 691 776 723 amicitia
797 691 952 733 Principis
978 701 1078 733 usque

407 735 440 766 in
457 736 580 767 tertium
602 735 798 767 consulatum
820 736 854 772 ii,
867 738 910 768 90
933 735 1022 767 evehi
1038 735 1077 765 ad

407 779 600 816 consulatus,
627 778 812 820 triumphos,
837 778 1011 810 sacerdotia
1044 777 1078 814 ii',

408 824 473 855 127
495 823 529 853 in
555 832 709 853 summum
725 821 883 863 fastigium
906 821 939 859 ii,
956 825 1009 854 30.
1026 823 1079 853 53.

406 868 461 897 56.
475 868 538 898 116
561 865 687 907 ingenia
702 870 812 896 evecta
828 875 927 906 usque
942 865 975 895 iu
990 863 1079 896 Grae-

409 919 516 940 corum
557 908 821 949 comparationem
849 910 1013 950 (provecta
1040 907 1079 938 ad

409 962 477 983 earn
490 952 728 994 perfectionem,
737 956 771 982 ut
782 951 953 992 comparari
964 955 1083 993 queant

408 994 488 1038 cet.)
511 995 544 1033 ii,
559 998 581 1028 9
618 995 722 1026 animo
738 1005 832 1036 supra
859 995 1027 1026 humanam
1051 999 1084 1024 et

411 1043 554 1069 naturam
569 1042 603 1070 et
616 1038 711 1069 fidem
740 1043 867 1069 evectus
890 1037 1009 1079 (animo
1032 1048 1086 1068 ex-

410 1082 544 1119 celsiori,
561 1091 653 1123 quam
674 1085 784 1112 natura
803 1082 835 1112 h.
850 1082 922 1118 fert,
935 1086 968 1112 et
982 1081 1083 1112 credi-

411 1124 477 1156 bile
499 1123 563 1167 est)
587 1124 622 1162 ii,
636 1127 677 1157 41
716 1129 826 1156 evecta
856 1134 949 1165 super
975 1124 1085 1155 huma-

410 1178 483 1253 nat?
505 1168 600 1199 fidem
626 1167 857 1210 magnificentia
879 1167 969 1210 (quae
991 1178 1085 1210 supe-

409 1216 458 1242 rat
498 1211 533 1248 ii,
551 1214 615 1244 130

370 1253 528 1286 Eventum
553 1254 683 1296 collegae
708 1264 745 1285 ex
771 1264 828 1286 sua
851 1254 978 1286 fortuna
1005 1253 1086 1285 aesti-

411 1308 500 1329 mans
514 1296 705 1340 (fortunam)
727 1298 762 1334 ii,
777 1300 820 1330 '70

369 1339 632 1373 Eversisunditus
655 1341 688 1378 ii,
707 1343 767 1373 115
792 1340 905 1383 (deleti
921 1339 1046 1378 hostes)

369 1382 526 1416 Evocavit
539 1383 767 1425 Rhascupolim
783 1383 857 1428 (scl.
877 1395 895 1415 e
910 1394 1006 1426 regno
1019 1382 1086 1413 Ro-

413 1438 497 1459 mam
521 1428 561 1458 ad
579 1426 754 1469 judicium)
785 1427 819 1465 ii,
845 1430 908 1459 129
939 1431 1088 1458 evocatus

413 1472 645 1513 (veteranorum
673 1470 767 1508 ullus,
807 1471 848 1502 ad
872 1469 1016 1503 militiam
1039 1480 1087 1500 re-

411 1512 558 1556 vocatus)
580 1514 614 1551 ii,
631 1516 674 1545 70

369 1557 421 1597 Ex
436 1557 573 1599 equestri
588 1556 696 1588 ordine
725 1556 835 1587 consul
855 1561 976 1588 creatus
999 1554 1086 1598 (cum

415 1600 519 1632 adhuc
545 1610 641 1642 eques
669 1598 768 1641 esset)
800 1599 835 1636 ii,
848 1602 903 1631 30.
919 1602 963 1632 76
994 1610 1033 1630 ex
1049 1609 1087 1630 eo

414 1643 597 1686 magistratu
623 1643 656 1673 in
683 1642 802 1673 nullam
832 1642 1027 1683 provinciam
1055 1652 1088 1673 se

414 1687 529 1718 iturum
545 1686 634 1728 (post
648 1696 676 1716 e.
698 1684 755 1727 m.)
779 1685 812 1723 ii,
828 1688 869 1717 31
903 1685 961 1728 (cf.
977 1685 1011 1722 ii,
1034 1688 1088 1716 33.

415 1732 469 1762 59.
494 1728 553 1766 78)
574 1740 614 1760 ex
640 1728 765 1770 proprio
793 1739 852 1759 usu
893 1739 985 1770 agere
1013 1728 1088 1770 (pro

372 1792 374 1794 μ
415 1772 583 1804 commodo
598 1771 673 1814 suo)
696 1772 730 1809 ii,
746 1775 786 1804 21
813 1783 852 1803 ex
867 1773 1090 1813 provocatione

413 1816 537 1848 hostem
559 1815 717 1847 interemit
739 1816 774 1857 (a
810 1825 873 1857 quo
903 1820 1089 1857 provocatus

415 1858 498 1902 erat)
521 1859 543 1896 i,
556 1861 597 1891 12
621 1869 659 1889 ex
675 1868 807 1900 persona
823 1858 931 1901 poetae
944 1859 1091 1889 dixerunt

417 1902 440 1940 i,
455 1904 476 1934 3
501 1913 538 1934 ex
552 1912 650 1933 censu
672 1901 745 1944 (pro
761 1900 806 1943 c.)
840 1902 874 1938 ii,
892 1904 952 1934 111
987 1913 1024 1933 ex
1041 1901 1089 1932 di-

389 1933 399 1955 *
415 1955 518 1982 verso,
532 1944 718 1982 hinc,illinc
741 1945 775 1982 ii,
793 1948 849 1977 101
877 1955 914 1976 ex
932 1945 1089 1987 insperato

416 1988 451 2026 ii,
468 1991 532 2020 112
556 1999 594 2020 ex
609 1987 785 2030 longinquo
807 1987 842 2025 ii,
858 1991 899 2020 43

371 2031 581 2073 Exaggeravit
615 2031 781 2073 juventam
814 2030 884 2073 ejus
921 2031 1090 2063 honoribus

420 2074 625 2118 (cumulavit)
648 2074 683 2112 ii,
700 2077 764 2107 129

375 2117 608 2150 Exordescere:
633 2118 747 2149 exarsit
771 2117 888 2149 bellum
921 2117 955 2155 ii,
983 2120 1014 2150 1.
1030 2120 1091 2151 ,(19.

417 2165 471 2194 75.
489 2164 551 2194 104
585 2166 767 2193 exarserunt
783 2161 873 2192 initia
892 2161 991 2193 civilis
1018 2160 1093 2192 belli

416 2205 452 2243 ii,
466 2208 510 2238 48

373 2247 531 2280 Exarmati
544 2247 716 2290 (debilitati
727 2246 827 2291 bello)
849 2247 883 2283 ii,
901 2251 941 2280 17

371 2291 555 2324 Excedere:
575 2292 791 2323 excedendum
816 2290 876 2322 sibi
898 2297 1011 2322 natura
1038 2301 1095 2322 sua

436 2335 612 2368 exeundarn
625 2334 736 2376 sibin.)
743 2334 776 2372 ii,
784 2337 826 2367 68
838 2335 972 2366 excessit
978 2335 1095 2377 priores

437 2377 610 2420 superavit)
633 2378 655 2415 i,
667 2381 688 2410 9
711 2378 768 2421 (cf.
779 2378 815 2415 ii,
827 2381 881 2411 51.
896 2377 956 2420 56)
969 2378 1097 2409 modum

419 2422 560 2454 laborum
581 2422 852 2464 periculorumque
865 2421 1097 2463 (supergressus

419 2463 484 2508 est)
507 2464 542 2502 ii,
558 2468 621 2497 122
644 2465 701 2507 (cf.
717 2465 739 2502 i,
755 2468 809 2497 16.
825 2465 859 2502 ii,
873 2464 936 2507 66)
967 2464 1100 2496 excessit

419 2510 451 2539 in
476 2509 536 2540 hoc
559 2508 605 2539 ira
628 2508 778 2550 principis
800 2506 984 2551 (processit)
1007 2507 1040 2545 ii,
1056 2510 1099 2539 68

376 2550 576 2584 Excellentes
590 2551 739 2593 triumphi
762 2552 784 2588 i,
802 2554 842 2583 11

378 2594 615 2628 Excelsissimus
641 2592 935 2638 (eminentissimus)
969 2594 1004 2631 ii,
1046 2596 1100 2626 22.

423 2640 501 2671 101.
519 2640 582 2670 114
619 2637 834 2669 excelsissimae
849 2637 987 2669 victoriae
1009 2637 1043 2675 ii,
1058 2639 1101 2669 96

377 2679 598 2714 Excelsissime
612 2681 718 2712 floruit
730 2680 879 2724 (eximie)
901 2681 923 2719 i,
936 2684 958 2713 6

376 2723 534 2757 Excessus
549 2724 739 2756 Hannibalis
754 2735 793 2757 ex
809 2724 905 2756 Italia
917 2724 942 2763 i,
958 2726 998 2756 15

378 2766 535 2800 Excidere
550 2768 658 2799 urbem
681 2768 704 2806 i,
720 2771 774 2801 12.
788 2767 823 2806 ἰί,
838 2771 860 2802 6

378 2807 547 2842 Excidium
571 2811 695 2843 urbium
731 2811 767 2849 ii,
791 2815 813 2846 4
846 2809 986 2854 gentium
1007 2809 1103 2853 pluri-

423 2862 509 2895 mum
530 2853 568 2895 ij,
592 2857 636 2888 98
673 2854 830 2888 excidium
867 2854 1008 2897 partibus
1041 2852 1104 2886 suis

1021 286 1180 323 JNDEx

1166 390 1339 422 auctoravit
1358 388 1392 428 ii,
1407 392 1452 423 30

1123 431 1298 474 Excipere:
1324 433 1450 475 excepit
1471 432 1619 464 victorem
1633 431 1759 474 gravius
1768 432 1836 464 bel·

1168 476 1232 507 lum
1247 475 1367 518 (statim
1386 477 1416 508 ei
1439 475 1673 518 suscipiendum
1698 475 1781 516 ent)
1799 475 1838 514 ii,

1169 522 1210 551 65
1235 519 1350 551 bellum
1360 519 1400 551 ab
1414 518 1580 551 Asculanis
1591 524 1704 558 ortum,
1719 518 1837 551 ιΜιῐ·

1169 562 1211 593 sis
1225 568 1390 604 exceptum
1413 562 1447 599 ii.
1461 566 1502 595 15

1125 604 1240 637 Excisa
1251 616 1327 647 gens
1349 605 1382 643 ii.
1401 608 1442 638 12
1475 605 1547 637 urbs
1568 605 1603 643 ii,
1617 607 1638 638 4
1670 603 1840 636 Germanic

1169 647 1378 691 (pervastata)
1414 649 1447 686 ii,
1464 652 1527 682 122
1562 649 1653 690 sylva
1671 650 1775 680 excisa
1804 647 1838 685 ii,

1171 695 1225 724 27.
1242 695 1306 725 109
1328 691 1392 733 agri
1415 691 1522 728 ii,115

1128 733 1273 767 Echtare
1284 735 1469 766 seditionem
1490 735 1525 772 ii,
1537 736 1580 766 20
1603 733 1720 765 bellum
1743 733 1841 771 ii,16.

1172 781 1214 811 54
1237 778 1318 820 ignis
1342 778 1404 808 vim
1419 778 1524 809 odoris
1538 777 1655 808 excitat
1682 777 1840 819 (suscitat,
1870 803 1875 809 .

1173 822 1282 862 auget)
1305 821 1338 858 ii,
1354 824 1396 854 22
1419 821 1555 853 excitare
1570 820 1717 851 virtutem'
1739 819 1762 857 ἲ,
1777 822 1798 853 8

1129 864 1255 896 Excivit
1266 869 1429 895 veteranos
1453 863 1614 906 (evocavit
1627 863 1667 894 ad
1683 862 1842 903 militiam)

1173 907 1207 944 ii,
1222 911 1263 940 61
1288 908 1390 939 excita
1415 908 1541 939 sedibus
1567 916 1644 949 gens
1679 905 1843 949 (evocata)

1174 950 1207 987 ii,
1223 954 1285 984 108

1131 993 1260 1026 Exclusi
1282 995 1416 1036 paternis
1438 993 1550 1035 opibus
1573 992 1661 1023 liberi
1685 990 1844 1034 (depulsi)

1175 1037 1210 1074 ii,
1224 1040 1267 1070 28
1290 1037 1408 1069 exclusi
1427 1038 1467 1068 ab
1482 1035 1658 1068 Heraclidis
1672 1034 1792 1067 Orestis
1805 1035 1845 1066 li-

1176 1081 1241 1112 beri
1257 1080 1328 1123 (scl.
1341 1080 1460 1122 patria)
1483 1080 1504 1118 i,
1519 1083 1541 1112 2
1662 1096 1667 1097 ⁷

1133 1124 1291 1155 Executor
1316 1124 1465 1157 malorum
1491 1122 1720 1165 propositorum
1735 1121 1845 1154 acerri-

1178 1178 1247 1198 rnus
1269 1167 1304 1205 ii,
1315 1171 1356 1200 45

1135 1210 1321 1252 Exemplum
1360 1209 1535 1242 clementiae
1574 1208 1704 1241 Caesaris
1743 1206 1848 1240 Julius

1179 1253 1338 1285 Antonius
1364 1251 1624 1296 (documentum)
1647 1252 1681 1290 ii,
1694 1254 1759 1285 100
1793 1261 1847 1282 ex-

1180 1297 1318 1340 emplum
1333 1297 1451 1328 decreti
1461 1295 1703 1328 Atheniensium
1711 1294 1849 1327 celeber·

1179 1340 1248 1372 rimi
1262 1340 1393 1372 relatum
1417 1351 1436 1371 a
1457 1339 1611 1372 Cicerone
1625 1339 1728 1382 (quod
1743 1347 1849 1370 exom-

1180 1383 1235 1426 plo
1263 1389 1312 1416 est
1336 1382 1513 1425 decretum)
1544 1383 1579 1420 ii,
1594 1385 1637 1415 ⁵8
1669 1381 1728 1424 (cf.
1743 1381 1778 1419 ii,
1789 1379 1851 1423 28)

1179 1427 1316 1469 exempli
1354 1426 1476 1469 Syllani
1516 1426 1631 1457 malum
1662 1424 1848 1468 proscriptio

1180 1469 1287 1513 (cujus
1315 1469 1493 1511 exemplum
1522 1469 1653 1501 dederat
1674 1466 1724 1510 S.)
1757 1467 1850 1505 ii,66

1179 1513 1322 1555 ejusdem
1347 1512 1483 1553 exempli
1499 1512 1689 1543 tribunatum
1698 1511 1854 1553 ingressus

1179 1556 1340 1629 (ejusdem
1368 1556 1487 1593 sormae,
1516 1555 1609 1597 cujus
1631 1554 1809 1596 exemplum
1836 1564 1857 1596 q

1194 1604 1273 1630 ratre
1288 1598 1468 1641 acceperat)
1499 1598 1533 1635 ii,
1548 1601 1570 1630 6
1591 1598 1728 1639 exempli
1743 1602 1853 1630 auctos

1180 1641 1214 1679 ii,
1231 1645 1274 1675 78
1303 1642 1439 1683 exempli
1468 1642 1515 1672 sui
1537 1641 1658 1683 (moris,
1680 1640 1735 1683 qui
1747 1650 1854 1672 exeru-
1902 1659 1906 1662 -

1181 1685 1236 1727 plo
1262 1685 1343 1727 erat)
1357 1690 1450 1717 tenax
1477 1685 1512 1722 ii,
1523 1687 1566 1717 84
1589 1684 1734 1726 exemplo
1749 1683 1855 1715 inutili

1185 1728 1259 1771 (scl.
1286 1728 1435 1771 praebito)
1457 1727 1490 1765 ii,
1502 1731 1544 1760 47
1568 1739 1615 1759 res
1630 1727 1774 1769 exemplo
1784 1736 1856 1769 per-

1182 1771 1303 1803 niciosa
1324 1772 1396 1811 (sel.
1422 1772 1498 1803 inde
1522 1770 1696 1813 capiendo)
1737 1770 1771 1807 ii,
1788 1773 1851 1804 125

1184 1815 1323 1852 homine,
1354 1826 1449 1857 quarn
1473 1814 1630 1856 exemplo,
1659 1814 1784 1856 dignior
1795 1813 1858 1845 fuit

1184 1859 1253 1890 haec
1263 1857 1378 1900 injuria
1402 1859 1435 1896 ii,
1451 1861 1493 1891 20
1516 1857 1575 1901 (cf.
1590 1856 1734 1900 Dignus)
1749 1866 1855 1889 exem-

1185 1901 1238 1943 plo
1254 1911 1367 1933 nocere
1405 1902 1439 1940 ii,
1465 1904 1519 1933 31.
1535 1903 1599 1935 114
1634 1900 1778 1942 exemplu
1790 1910 1857 1932 non

1186 1945 1363 1976 consistunt
1376 1945 1432 1983 ibi,
1462 1944 1548 1976 unde
1574 1948 1762 1987 coeperunt;
1787 1944 1857 1981 sed,

1186 1988 1361 2030 quamlibet
1389 1988 1423 2019 in
1449 1993 1574 2020 tenuem
1605 1985 1733 2029 rec'epta
1753 1987 1859 2019 mmi-

1185 2036 1262 2068 tem,
1287 2031 1436 2063 latissime
1462 2030 1618 2073 evagandi
1641 2030 1700 2062 sibi
1714 2030 1796 2063 viam
1812 2030 1858 2062 fe-

1189 2075 1278 2107 ciunt
1303 2075 1460 2116 (exempla
1483 2079 1586 2106 sumta
1599 2074 1677 2106 fines
1701 2073 1860 2106 excedunt

1188 2118 1279 2160 primi
1295 2118 1430 2160 exempli
1442 2117 1523 2158 dati)
1543 2117 1578 2155 ii,
1594 2120 1615 2150 3
1648 2117 1707 2160 (cf.
1720 2115 1860 2158 Recipe-

1186 2160 1235 2203 re)
1265 2161 1298 2192 in
1319 2162 1424 2193 omnia
1450 2161 1598 2192 virtutum
1613 2159 1757 2202 exempla
1771 2160 1860 2202 geni-

1188 2210 1238 2235 tus
1261 2204 1314 2247 (ut
1345 2204 1484 2236 omnium
1507 2204 1656 2235 virtutum
1681 2203 1860 2245 exemplum

1188 2246 1243 2290 sit)
1269 2248 1303 2286 ii,
1322 2251 1383 2281 116

1145 2291 1336 2323 Exercitatio
1374 2291 1545 2323 animorum
1589 2289 1693 2322 cultus
1723 2288 1860 2332 ingenii)

1190 2335 1225 2371 ii,
1253 2337 1316 2366 110
1344 2333 1402 2376 (cf.
1430 2333 1580 2365 Exercuit
1625 2333 1863 2365 exercitationes

1190 2377 1318 2408 navales
1347 2377 1381 2415 ii,
1396 2380 1439 2410 79
1471 2377 1612 2420 (navium
1637 2375 1862 2418 regundarum)

1148 2420 1304 2452 Exercitia
1341 2425 1494 2462 perpetua
1533 2421 1702 2463 (armorum
1731 2419 1806 2462 sel..)
1827 2419 1864 2457 ii,

1149 2506 1312 2539 Exercitus
1338 2507 1517 2549 disciplina,
1545 2517 1653 2544 manu,
1674 2505 1867 2549 experientia

1195 2550 1349 2582 bellorum
1379 2551 1525 2593 princeps
1561 2551 1595 2588 ii,
1612 2553 1676 2582 119
1712 2548 1864 2582 exercitus

1194 2594 1382 2628 obtinebant
1395 2593 1535 2626 Africam
1547 2593 1582 2631 ii,
1592 2597 1635 2626 55
1649 2593 1863 2625 firmum-eon-

1195 2638 1290 2669 traxit
1318 2637 1487 2670 exercitum
1516 2637 1551 2674 ii,
1565 2639 1609 2670 29
1645 2636 1748 2667 facere
1777 2645 1865 2667 exer-

1197 2680 1293 2712 citum
1321 2680 1510 2722 (conficere)
1538 2681 1572 2718 ii,
1589 2682 1654 2712 109
1685 2678 1743 2721 (cf.
1757 2677 1792 2716 ii,
1806 2677 1867 2719 ⁵1)

1195 2724 1231 2755 in
1268 2723 1400 2755 formam
1437 2723 1590 2756 exercitus
1618 2722 1722 2754 coiere
1757 2721 1794 2759 ii,
1820 2724 1864 2754 61

1195 2766 1275 2799 novi
1300 2767 1454 2799 exercitus
1490 2767 1570 2800 vires
1608 2769 1804 2808 reptaverat
1831 2764 1867 2802 ii,

1197 2813 1240 2843 37
1278 2810 1449 2842 exercitum
1485 2818 1639 2851 occupare
1667 2807 1703 2846 ii,
1737 2809 1793 2841 24.
1821 2810 1865 2840 62

1198 2854 1362 2887 exercitus
1377 2852 1574 2896 providentia
1586 2850 1678 2885 ducis
1690 2855 1794 2884 rectus
1818 2857 1867 2885 est
