2002 3250
524 672 604 734 C.
639 668 1017 731 VELLEII
1070 661 1595 740 PATERCULI

389 861 1041 944 HISTORIAE
1136 851 1731 1017 ROMANAE

695 1067 784 1111 AD
824 1066 889 1110 M.
927 1062 1244 1109 VINIGIUM
1284 1061 1416 1105 COS.

872 1240 1118 1290 LIBER
1173 1238 1248 1287 ΙΙ.

383 1657 425 1701 1.
458 1639 746 1699 PoTEN'rIAE
768 1653 1073 1696 Romanorum
1107 1653 1226 1708 prior
1258 1651 1430 1707 Scipioc
1462 1650 1581 1693 viam
1615 1661 1799 1705 aperue-

325 1732 409 1780 rat,
430 1727 619 1770 luxuriae
641 1724 853 1780 posterior
874 1721 1059 1777 aperuit.
1118 1720 1301 1776 Quippe
1321 1723 1492 1762 remoto
1513 1717 1797 1772 Carthaginis

324 1801 463 1848 metu,
485 1796 746 1848 sublataque
774 1791 950 1846 imperii
971 1789 1150 1840 aemula,
1171 1802 1263 1831 non
1294 1788 1447 1843 gradu,
1469 1787 1548 1829 sed
1572 1785 1799 1842 praecipiti

327 1878 474 1915 cursu,
495 1877 522 1906 a
543 1863 703 1906 virtute
723 1861 957 1910 descitum,
986 1858 1044 1900 ad
1067 1858 1176 1901 vitia
1195 1861 1524 1910 transcursum
1556 1860 1689 1899 vetus
1710 1855 1800 1897 dis-

326 1932 494 1987 ciplina
522 1931 713 1982 deserta,
747 1942 868 1972 nova
906 1927 1116 1980 inducta;
1146 1927 1191 1968 in
1227 1939 1430 1968 somnum
1464 1938 1492 1967 a
1525 1924 1703 1980 vigiliis,
1737 1924 1795 1966 ab

326 2002 460 2043 armis
479 2001 524 2042 in
544 2000 818 2054 voluptates,
840 2010 868 2039 a
899 1995 1092 2050 negotiis
1125 1997 1169 2038 in
1205 1996 1344 2037 otium
1374 2006 1591 2036 conversa
1617 1993 1795 2036 civitas·

325 2069 459 2111 Tumd
480 2068 633 2123 Scipio
661 2066 708 2109 N
711 2066 848 2108 asicae
867 2064 912 2106 in
937 2063 1163 2118 Capitolio
1184 2062 1399 2118 porticus,
1421 2065 1528 2113 tum,
1550 2073 1663 2117 quas
1682 2074 1798 2117 prae-

326 2136 538 2188 diximus,
560 2135 790 2185 Metellus,
809 2138 901 2176 tum
927 2133 970 2175 in
993 2133 1114 2175 circo
1144 2132 1224 2175 Cn.
1246 2131 1464 2175 Octavius
1495 2130 1634 2173 multo
1659 2143 1799 2173 amoe-

324 2205 551 2248 nissimam
570 2203 712 2246 moliti
732 2207 858 2244 sunt:
890 2202 1215 2257 publicamque
1249 2199 1620 2255 magnificentiam
1642 2201 1798 2241 secuta

325 2273 497 2328 privata
514 2272 694 2314 luxuria
712 2274 796 2314 est.
854 2270 1005 2313 Triste
1034 2270 1209 2323 deinde,
1229 2274 1274 2313 et
1310 2268 1679 2312 contumeliosum
1703 2267 1798 2310 bel-

988 2402 1136 2436 NOTAE

369 2485 383 2502 ⁶
399 2480 500 2512 Prior
512 2479 636 2522 Scipio]
653 2479 811 2523 Uterque
822 2480 934 2513 dictus
943 2480 1035 2513 Pub·
1133 2485 1147 2502 ‘³
1170 2479 1276 2522 Scipio
1297 2479 1430 2521 Nasica]
1453 2479 1539 2511 Erat
1560 2477 1716 2515 Africani
1731 2477 1800 2511 frn-

326 2531 391 2564 lius
408 2532 586 2565 Cornelius
603 2530 798 2564 Africanus.
844 2531 912 2564 Sed
929 2531 1036 2573 prior,
1090 2535 1143 2564 tei·
1158 2530 1336 2573 patruelis.
1382 2530 1418 2562 Is
1435 2534 1501 2572 est,
1529 2535 1567 2563 ut
1591 2529 1682 2562 infra
1705 2529 1799 2562 vide-

328 2581 515 2615 Africanus
541 2582 665 2625 major:
705 2583 873 2624 posterior
907 2587 1036 2624 autem,
1090 2582 1196 2623 bitur,
1211 2582 1270 2625 qui
1297 2581 1358 2614 Vir
1375 2581 1538 2623 Optimus
1555 2591 1575 2614 a
1591 2581 1720 2614 Senatu
1739 2581 1798 2623 ju-

327 2633 536 2673 AEmilianus,
548 2637 584 2666 et
594 2632 777 2666 Africanus
788 2634 918 2674 minor;
933 2634 1036 2666 Pauli
1091 2633 1225 2666 dicatus
1242 2637 1308 2666 est.
1355 2633 1428 2666 Has
1443 2633 1599 2675 porticus
1616 2633 1748 2666 Censor
1763 2632 1800 2664 in

327 2684 465 2727 quidem
480 2684 605 2717 AEmilii
618 2683 707 2716 filius
722 2695 730 2716 :
755 2688 791 2716 at
811 2694 875 2726 per
901 2684 1035 2726 adopti-
1091 2685 1265 2727 capitolio
1279 2684 1410 2726 posuit:
1433 2684 1598 2717 Metellus
1609 2693 1720 2726 prope
1732 2683 1800 2716 cir-

329 2744 429 2767 onem
444 2734 613 2777 Scipionis
639 2733 795 2767 Africani
822 2734 961 2778 majoris
977 2745 1034 2768 ne·
1089 2745 1166 2767 cum
1179 2735 1383 2768 Flaminium
1398 2746 1406 2767 ε
1431 2735 1495 2767 Cu.
1510 2734 1676 2767 octavius
1687 2734 1721 2766 in
1733 2734 1798 2767 hoc

329 2794 402 2826 pos.
1089 2787 1165 2828 ipso
1181 2787 1287 2828 circo,
1302 2787 1406 2829 juxta
1420 2785 1581 2819 Plinium.
1606 2785 1717 2819 Quam
1733 2786 1799 2819 Cn.

372 2835 387 2856 ‘¹
412 2835 506 2878 Tum]
519 2835 610 2869 Ante
622 2845 776 2870 eversam
788 2837 1033 2880 Carthaginem
1089 2837 1259 2869 Octavius
1275 2837 1401 2879 posuit,
1416 2836 1568 2868 invenies
1584 2835 1799 2869 Corinthiam

331 2885 427 2919 annis
443 2885 551 2920 ferme
566 2887 698 2922 decem.
1089 2888 1157 2922 dici
1181 2899 1199 2921 a
1228 2893 1422 2929 structura;
1452 2887 1728 2932 Macedonicam,
1754 2888 1797 2920 ob
