2002 3250
355 286 444 329 162
796 299 835 330 e.
868 299 1075 330 vunnim
1111 296 1402 332 PA‘rERcum

354 399 450 437 tum
467 394 568 451 ejus
588 395 714 438 missi
732 400 873 448 erant,
889 396 1162 451 juberentur,
1196 399 1416 439 summoto
1438 409 1509 449 eo,
1535 391 1701 441 milites
1729 387 1839 441 alloss

353 465 443 519 qui.
504 463 609 506 Non
629 464 713 506 fuit
732 467 821 506 tam
842 465 1045 519 ingratus
1066 463 1305 516 exercitus,
1323 477 1455 520 quam
1474 465 1619 508 fuerat
1638 470 1838 509 senatus.

354 533 492 585 Nam,
514 546 616 575 cum
637 546 734 576 eam
751 533 961 588 injuriam
981 533 1305 576 dissimulando
1323 532 1515 576 Caesar¹²
1533 535 1682 586 ferret,
1702 548 1839 590 nega-

351 615 456 644 vere
474 602 654 653 militeS,
678 603 773 644 sine
794 601 1060 657 imperatore
1079 613 1164 644 suo
1183 601 1277 643 ulla
1296 614 1346 643 se
1362 600 1592 644 audituros
1612 602 1838 646 mandata.

351 671 461 713 Hoc
482 674 553 714 est
572 669 687 712 illud
706 674 898 726 tempus,
918 683 1010 726 quo
1028 670 1207 722 Cicero,
1239 670 1380 713 insito
1410 683 1563 713 amore
1595 670 1840 727 PomPeia-

350 751 516 782 narum*
537 739 746 794 partium,
767 737 996 781 Caesarem
1030 738 1301 782 laudandum
1331 742 1376 782 et
1409 738 1650 782 tollendum
1680 752 1838 795 cense-

349 809 456 860 bat3
487 820 591 850 cum
611 807 735 850 aliud
755 807 937 860 diceret,
957 807 1080 850 aliud
1100 808 1290 863 intelligi
1307 807 1470 851 vellet.s

407 877 481 919 63.
514 876 697 919 Interim
731 874 974 928 Antonius,
1008 876 1121 932 fuga
1151 880 1457 932 transgressus
1489 876 1652 932 AlpeS‚
1690 876 1836 934 primo

348 958 429 1001 per
447 944 710 1000 colloquia¹³
732 945 954 1001 repulsus¹
981 959 1010 988 a
1039 946 1106 988 M.
1128 946 1317 1002 Lepido,
1346 946 1426 1002 qui
1458 946 1662 1001 pontifex
1693 947 1839 990 maxi·

347 1027 449 1056 mus
468 1014 514 1056 in
531 1012 583 1055 C.
604 1011 802 1055 Gaesaris
821 1013 973 1057 locum
1002 1014 1120 1058 furto
1150 1018 1367 1066 creatus,¹¹
1396 1015 1580 1058 decreta
1610 1015 1699 1058 sibi
1726 1015 1838 1059 His-

347 1082 501 1138 pania,
522 1081 669 1124 adbuc
689 1081 736 1123 in
755 1081 907 1125 Gallia
925 1083 1184 1126 morabatur
1203 1097 1217 1127 τ
1245 1096 1353 1126 mox
1371 1083 1542 1140 saepius
1561 1083 1607 1126 in
1620 1097 1837 1141 conspec-

349 1157 442 1195 tum
473 1151 654 1193 veniens
685 1150 894 1203 militum,
927 1164 1032 1194 cum
1065 1155 1112 1195 et
1143 1150 1321 1207 Lepido
1352 1165 1506 1195 omnes
1544 1152 1837 1208 imperatores

346 1218 493 1261 forent
512 1219 738 1271 meliores,
756 1223 805 1261 et
832 1219 985 1262 multis
1013 1218 1253 1272 Antonius,
1273 1220 1381 1263 dum
1401 1224 1497 1264 erat
1514 1221 1727 1274 sobrius‚³
1757 1234 1837 1278 per

348 1292 524 1330 aversa¹
546 1291 830 1339 castrorum‚¹
849 1289 1058 1343 proruto²
1075 1288 1214 1340 vallo,
1244 1289 1480 1333 militibus³
1511 1295 1724 1346 receptus
1741 1294 1834 1334 est:

346 1356 424 1411 qui
446 1356 577 1406 titulo
597 1355 774 1411 imperii
795 1357 989 1400 cedebat
1009 1357 1205 1414 Lepido,
1237 1371 1338 1401 cum
1370 1371 1547 1401 summa
1565 1359 1728 1402 virium
1756 1373 1834 1416 pe-

345 1438 427 1467 nes
446 1438 548 1467 eum
567 1424 717 1468 foret!
779 1425 874 1468 Sub
891 1425 1078 1470 Antonii
1093 1428 1340 1483 ingressum
1359 1428 1406 1470 in
1426 1431 1577 1470 castra
1596 1427 1627 1471 J
1630 1430 1834 1471 uventius

347 1492 622 1547 Laterensis,
644 1494 712 1538 vir
732 1494 825 1538 vita
857 1508 914 1539 ac
948 1499 1089 1540 morte
1122 1496 1480 1556 consentaneus,‘¹
1498 1509 1599 1539 cum
1620 1498 1832 1542 acerrime

388 1637 403 1660 ²⁷
425 1639 515 1672 Dum
529 1650 591 1672 non
605 1643 674 1672 erat
686 1639 803 1672 ebrius.
1106 1667 1110 1671 .

388 1687 402 1704 ⁶
427 1683 510 1715 Cum
523 1683 591 1724 ipse
602 1683 731 1716 haberet
742 1682 937 1725 proecipuam
949 1685 1135 1725 potestatem
1144 1681 1316 1716 exercitus.

388 1724 407 1748 ἆ
434 1726 495 1759 Vir
507 1727 605 1769 cujus
617 1736 702 1759 mors
715 1727 791 1759 vitoe
806 1727 922 1760 similis
927 1726 1015 1768 suit.

970 1824 1009 1836 010
1011 1823 1089 1837 ,ΙΝ
1092 1823 1208 1836 'NON

345 1890 411 1924 Ed.
427 1891 534 1923 Basil.
556 1891 622 1924 Ed.
638 1901 692 1934 pr.
719 1891 940 1925 C'aesari.-l³
964 1891 1061 1935 Lips.
1078 1892 1148 1933 leg.
1159 1902 1215 1935 spe
1229 1890 1390 1934 colloquii,
1414 1899 1481 1923 non
1498 1889 1671 1932 probante
1681 1863 1838 1924 Gruter:

344 1938 407 1967 —1
434 1935 490 1968 Ita
504 1934 569 1967 Ed.
585 1935 692 1968 Basil.
707 1936 876 1978 probante
892 1935 1075 1968 Ruhnken.
1111 1935 1179 1968 Ed.
1195 1945 1249 1977 pr.
1275 1937 1498 1968 aversam—2
1520 1934 1578 1966 Sic
1595 1933 1618 1968 J
1623 1938 1696 1966 unt.
1709 1938 1746 1966 et
1765 1933 1830 1967 Ed.

344 1978 453 2012 Basil.
475 1978 540 2012 Ed.
555 1988 608 2021 pr.
622 1982 832 2022 proruta—³
843 1979 968 2013 Heius.
985 1979 1082 2014 malit
1096 1989 1117 2012 a
1130 1979 1297 2014 militibus.
1332 1977 1388 2012 Cf.
1404 1987 1510 2020 supra
1525 1986 1604 2020 cap.
1619 1979 1743 2012 20.-·4
1765 1977 1832 2012 Ed.

1017 2100 1160 2135 No'rAE

387 2201 399 2216 ⁸
420 2195 519 2228 Aliud
530 2193 671 2237 intelligi
683 2195 792 2239 veltet]
817 2196 974 2239 Scilicet,
990 2197 1060 2230 lau-

345 2245 498 2278 dandum
511 2251 647 2288 aperte,
661 2247 724 2280 sed
739 2248 889 2281 occulte.
900 2258 920 2281 e
943 2248 1059 2282 medio

343 2296 545 2329 tollendum.
569 2297 661 2329 Nam
671 2299 782 2332 tollere
791 2308 859 2331 vox
876 2298 1056 2342 ambigua:

344 2347 584 2391 significatque
600 2348 702 2382 modo
719 2349 875 2390 laudare,
889 2350 993 2384 modo
1005 2350 1058 2383 in-

342 2399 518 2432 terficere.

389 2452 400 2473 ²
419 2453 485 2484 Per
499 2452 650 2494 colloquia
664 2453 821 2495 repulsus]
844 2453 962 2488 Aliter
977 2455 1059 2499 Lip-

341 2503 412 2536 sius
434 2504 522 2546 legit
542 2513 597 2546 apo
621 2505 766 2547 colloquii
789 2507 952 2550 repulsus:
975 2507 1060 2551 quia

342 2555 496 2598 Lepidus
511 2556 656 2589 miscere
667 2566 746 2589 cum
760 2555 914 2590 Antonio
929 2568 1058 2592 sermo-

340 2616 403 2639 nes
414 2606 513 2639 initio
520 2606 672 2649 nolebat.
685 2607 1059 2653 RejicituraGrutero‚

340 2658 526 2690 lectionem
541 2661 697 2691 nostram
705 2659 881 2693 retinente
896 2665 1058 2704 tanquam

342 2718 459 2741 veram
469 2713 507 2742 et
516 2710 711 2751 genuinam.
735 2710 808 2744 Per
817 2711 990 2755 colloquia
1001 2722 1058 2746 ve-

344 2769 382 2790 ro
394 2760 477 2801 quid
493 2760 691 2803 intelligas?
712 2761 862 2796 Crebros
875 2763 1055 2798 internun-

342 2809 425 2850 tios,
442 2820 507 2852 per
532 2821 617 2853 quos
633 2822 711 2845 cum
732 2812 886 2847 Antonio
902 2814 1056 2857 Lepidus

344 2861 431 2903 egit,
446 2872 524 2894 cum
544 2862 600 2895 hic
627 2864 831 2898 societatem
859 2866 1053 2900 abnueret:

344 2916 473 2955 tamen,
491 2917 531 2945 ut
547 2913 640 2956 quod
668 2915 782 2948 sentio
797 2916 923 2959 dicam,
946 2917 1056 2960 Lipsii

1114 2197 1316 2240 conjectura
1338 2195 1422 2230 mibi
1447 2195 1586 2228 videtur
1608 2194 1736 2229 habere
1752 2195 1830 2237 plus

1113 2248 1388 2291 probabilitatis,
1416 2247 1565 2280 maxime
1591 2246 1706 2279 Dione
1735 2245 1830 2279 clare

1113 2304 1284 2343 testante,
1307 2299 1480 2343 Lepidum
1505 2297 1675 2341 colloquia
1697 2301 1735 2330 et.
1750 2306 1830 2330 con-

1114 2361 1272 2395 gressum
1288 2361 1366 2384 cum
1382 2349 1537 2383 Antonio
1549 2349 1609 2382 diu
1625 2348 1800 2381 abnuisse.

1157 2407 1172 2423 ¹¹
1194 2402 1296 2437 Furto
1305 2401 1444 2444 creatus]
1461 2399 1563 2433 Istud
1575 2398 1679 2443 aliqui
1690 2402 1830 2432 sumunt

1113 2464 1177 2497 pro
1193 2454 1328 2496 sur-tim,
1342 2454 1441 2486 clam:
1463 2451 1684 2485 Passeratius
1711 2453 1828 2483 autem

1112 2506 1189 2539 vult
1203 2515 1248 2539 eo
1263 2514 1366 2538 sensu
1382 2503 1465 2545 dici,
1480 2512 1548 2546 quo
1573 2501 1668 2535 furta
1682 2501 1766 2534 belli
1779 2501 1830 2534 di-

1113 2561 1242 2591 cuntur
1256 2566 1321 2599 pro
1336 2555 1432 2597 dolo,
1446 2554 1583 2594 fraude,
1598 2552 1745 2586 insidiis.

1156 2613 1173 2631 ¹
1196 2609 1264 2642 Per
1283 2617 1394 2641 aversa
1414 2603 1605 2646 castrorum]
1628 2604 1757 2636 Graeca
1781 2603 1830 2636 lo·

1113 2659 1224 2702 cutio,
1236 2659 1370 2703 optimo
1394 2658 1521 2701 cuique
1541 2655 1744 2690 Latinorum
1759 2654 1828 2687 usi-

1113 2716 1200 2746 tata.
1242 2705 1742 2755 Virgilio‚‘opacalocorum.’
1770 2706 1836 2739 Li-.

1113 2762 1183 2805 vio,
1221 2762 1233 2782 ‘
1246 2772 1310 2805 per
1346 2762 1485 2797 intima,
1506 2758 1620 2792 Italiae
1656 2758 1829 2800 vagatus?

1111 2804 1290 2847 Floroiib.
1305 2823 1332 2847 1.
1347 2814 1358 2833 ‘
1370 2813 1414 2846 ad
1429 2811 1548 2846 subita
1562 2809 1669 2844 belli:
1704 2809 1827 2844 Tacito

1111 2868 1149 2899 et
1164 2865 1315 2899 Horatio
1331 2864 1460 2909 ubique
1475 2861 1615 2906 passim.
