2008 3210
359 210 447 254 494
824 219 1087 252 nncssnsus
1121 219 1409 252 nm'nonum

366 327 473 368 1754
500 321 670 360 Parisiis.
696 327 758 362 12.
779 320 928 361 Eadem
948 335 1039 361 cum
1060 321 1124 361 ed.
1150 321 1265 368 1746.
1286 328 1438 363 mutato
1458 327 1608 361 tantum
1626 321 1756 362 titulo.

367 384 471 432 1756
500 387 672 425 Curante
692 387 714 426 J
719 400 758 426 o.
778 386 895 426 Petro
916 386 1082 426 Millero.
1103 387 1290 434 Bel-oliui,
1306 388 1500 428 sumtibus
1519 389 1568 428 A.
1584 387 1727 427 Haude
1741 392 1782 428 et
1799 385 1838 428 J.

417 452 464 490 C.
485 450 663 502 Speneri.
686 456 708 490 8
730 450 823 490 min.

364 538 419 546 ——-
436 516 537 555 Cum
571 515 673 554 notis
712 516 924 554 Burmanni
956 523 997 556 et
1030 516 1236 555 variorum.
1293 516 1562 564 Roterodami,
1594 515 1703 570 apud
1735 516 1841 556 Dan.

420 582 581 620 Beman.
606 586 642 620 8.

370 645 472 692 1762
503 645 630 692 Halae,
650 645 844 685 sumtibus
864 645 1227 698 Orphanotrophei.
1253 652 1316 686 12.

365 734 420 741 --
438 725 486 750 ex
505 710 730 751 recensione
748 717 788 750 et
809 723 898 750 cum
920 710 1203 750 commentario
1222 715 1416 762 perpetuo
1441 711 1507 750 Jo.
1529 708 1636 748 Frid.
1657 708 1843 749 Gruneri.

423 775 616 828 Coburgi,
643 775 750 827 apud
779 775 871 814 Ahl.
904 776 1116 815 8.-—-Hanc
1141 773 1208 814 ed.
1236 775 1439 814 Grunerus
1464 774 1667 813 maximam
1695 779 1843 826 partem

422 847 616 892 apparatu
650 840 835 881 editionis
870 840 1187 880 Burmannianae*
1216 839 1479 879 concinnavit.
1535 839 1676 890 Neque
1714 845 1846 879 tamen

423 906 640 946 Burmanni
662 906 824 959 vestigia
843 905 882 944 in
904 905 1181 946 constituenda
1200 912 1330 945 textus
1343 905 1515 945 lectione
1531 903 1686 957 pressit,
1706 903 1776 944 sed
1795 902 1846 943 ad

424 972 635 1012 lectionem
656 972 838 1012 editionis
866 985 943 1024 pr„
971 972 1116 1023 saepius
1150 984 1268 1024 quam
1291 970 1466 1017 codicis,
1489 969 1711 1020 (Burerium
1727 967 1847 1015 enim,

424 1036 638 1076 Burmanni
651 1036 807 1088 judicio
823 1043 1139 1088 praeoccupatus,
1160 1036 1345 1075 sublestae
1363 1035 1458 1074 fidei
1472 1041 1608 1074 testem
1623 1034 1774 1082 habet,)
1793 1046 1851 1072 re-

425 1103 560 1149 currit,
581 1109 621 1141 et
640 1103 679 1141 in
700 1102 937 1154 recipiendis
956 1103 1119 1141 aliorum
1132 1102 1474 1142 emendationibus
1487 1113 1600 1140 suum
1613 1105 1777 1139 secutus
1793 1104 1868 1138 est-

421 1167 628 1219 judicium,
649 1167 755 1220 quod
775 1180 1056 1219 nonnunquam
1073 1167 1296 1206 Ruhnkcnii
1316 1166 1548 1206 sententiam
1569 1170 1850 1215 congruentem

424 1238 566 1284 postea
585 1232 744 1272 invenit.
800 1231 979 1271 Eundem
1010 1232 1303 1279 Ruhnkenium‚
1324 1231 1439 1283 hujus
1459 1230 1642 1270 editionis
1661 1230 1850 1281 ignarum,

427 1298 642 1350 occupavit
657 1298 718 1337 vel
738 1298 776 1336 in
795 1298 1009 1345 nonnullis,
1026 1297 1208 1350 quamvis
1224 1297 1487 1349 paucioribus,
1500 1295 1596 1335 locis
1607 1307 1677 1335 sua
1692 1292 1852 1345 conjec-

429 1369 518 1402 tura
532 1363 743 1411 tentandis,
765 1364 827 1404 vel
846 1364 884 1402 in
903 1363 1095 1403 firmanda
1109 1369 1147 1402 et
1161 1361 1398 1415 explicanda
1414 1375 1482 1402 sen
1497 1361 1659 1413 antiqua
1668 1359 1852 1406 lectione,

429 1442 500 1468 seu
520 1429 767 1469 correctione
784 1442 807 1468 a
828 1429 965 1468 critico
978 1429 1152 1482 quodam
1167 1428 1383 1480 proposita.
1437 1428 1623 1467 Ceterum
1642 1424 1799 1478 ingenio
1814 1429 1855 1463 et

429 1494 610 1533 acumine
631 1495 836 1534 Grunerus
855 1494 955 1534 inter
975 1495 1151 1534 editores
1171 1493 1311 1533 Velleii
1337 1506 1417 1532 non
1442 1491 1603 1539 eminet,
1622 1503 1697 1531 nec
1717 1490 1785 1531 ubi
1804 1487 1854 1527 de

430 1573 515 1607 suo,
534 1559 660 1611 (quod
682 1565 814 1599 tamen
847 1560 970 1599 rarius
999 1559 1127 1609 fecit,)
1158 1559 1298 1605 edidit,
1327 1571 1407 1597 uno
1439 1557 1521 1596 sere
1549 1557 1637 1596 loco
1669 1559 1854 1607 excepte,

431 1625 558 1664 doctis
578 1625 830 1676 probabitur.
887 1627 1035 1665 Verum
1051 1624 1100 1664 ad
1116 1623 1427 1676 explanationem
1448 1621 1654 1674 scriptoris
1673 1632 1753 1660 non
1773 1626 1858 1659 tan-

432 1697 515 1729 tum
537 1703 585 1728 ex
604 1690 768 1737 aliorum
799 1691 1120 1730 annotationibus
1142 1690 1246 1729 bona
1265 1689 1474 1740 excerpsit,
1488 1687 1556 1726 sed
1575 1700 1624 1726 ex
1640 1699 1723 1726 suae
1740 1685 1856 1725 etiam

431 1755 662 1795 eruditionis
678 1768 782 1807 penu
802 1769 903 1795 nova
921 1756 1070 1795 attulit.
1124 1754 1276 1794 Pariter
1300 1754 1339 1792 in
1360 1766 1474 1792 usum
1492 1751 1631 1791 Velleii
1647 1749 1859 1790 advocavit

430 1821 604 1860 virorum
634 1821 845 1860 doctorum
874 1820 1121 1872 conjecturas
1141 1820 1179 1858 in
1199 1818 1522 1858 annotationibus
1541 1816 1595 1856 ad
1614 1816 1712 1855 alios
1740 1814 1860 1866 scrip·

431 1893 537 1927 tores
557 1886 795 1939 propositas,
815 1899 854 1925 v.
875 1900 911 1926 c.
941 1885 1179 1932 Marklandi,
1213 1883 1429 1931 Arntzenii‚
1461 1879 1751 1933 Oudendorpii,
1781 1884 1859 1919 cet.

432 1951 582 1992 Merito
601 1958 736 1992 autem
761 1952 800 1990 in
827 1950 1023 1990 laudanda
1055 1949 1240 1990 editionis
1261 1963 1319 2002 pr.
1340 1955 1381 1988 et
1399 1947 1554 1988 codicis
1572 1946 1756 1993 lectione,
1770 1957 1860 1984 nec-

433 2018 567 2056 nonin
586 2016 812 2056 enarrandis
827 2016 1055 2055 criticorum
1071 2014 1326 2067 conjecturis,
1347 2012 1519 2052 Gruneri
1531 2009 1793 2052 desideranda
1803 2015 1861 2051 est

435 2081 653 2134 diligentia.

385 2146 491 2195 1769
518 2146 689 2186 Parisiis.
710 2152 748 2187 8.
769 2159 858 2186 cnm
881 2146 1059 2185 versione
1079 2145 1233 2185 Gallica
1252 2143 1422 2183 Abbatis
1442 2141 1566 2182 Pauli.

383 2218 491 2259 1770
518 2212 683 2259 Eadem,
703 2212 922 2251 Avenione.
945 2217 982 2252 8.

385 2282 491 2325 1777
519 2279 566 2318 C.
581 2276 718 2317 Velleii
735 2277 935 2316 Paterculi
964 2275 1138 2315 historiae
1157 2275 1274 2315 Rom.
1294 2272 1401 2312 Libri
1420 2271 1517 2311 duo.
1536 2269 1654 2309 Nova
1671 2268 1792 2308 editio
1811 2282 1862 2308 ex

437 2342 647 2382 collatione
684 2348 859 2382 veterum
887 2341 1087 2381 editorum
1115 2339 1335 2379 emendata.
1392 2337 1582 2387 (Curante
1603 2335 1642 2374 J.
1662 2334 1717 2374 N.
1738 2333 1864 2373 Laue-

437 2408 588 2457 mand.)
619 2407 788 2454 Parisiis,
820 2406 930 2459 apud
963 2407 1028 2446 Jo.
1057 2405 1231 2445 Barbou.
1267 2409 1330 2443 12.
1386 2400 1527 2441 Nitida
1555 2399 1694 2447 editio,
1715 2398 1863 2438 nudum

439 2478 594 2513 textum
613 2472 814 2513 exhibens.

388 2543 493 2585 1779
523 2537 836 2577 Ruhnkeniana:
869 2537 917 2575 C.
948 2534 1087 2575 Velleii
1117 2533 1317 2574 Paterculi
1341 2545 1430 2584 quae
1450 2533 1660 2583 supersunt
1677 2541 1727 2568 ex
1747 2527 1867 2569 histo-

438 2603 508 2643 riae
536 2604 653 2643 Rom.
683 2601 946 2641 voluminibus
977 2601 1148 2648 duobus,
1170 2613 1262 2640 cum
1285 2597 1445 2649 integris
1464 2591 1872 2636 animadversionibus

442 2668 667 2716 doctorum,
688 2673 851 2708 curante
871 2666 1027 2708 Davide
1043 2665 1294 2706 Ruhnkenio.
1326 2656 1510 2715 Lugduni
1529 2663 1617 2701 Bat.
1637 2657 1744 2710 apud
1760 2657 1867 2696 Sam.

442 2739 486 2773 et
504 2734 556 2773 Is.
576 2733 835 2773 Luchtmans.
857 2738 880 2772 2
901 2732 996 2772 voll.
1014 2737 1037 2772 8
1059 2731 1156 2783 maj.
1158 2730 1324 2770 —Prior
1354 2728 1508 2768 Tomus
1525 2725 1714 2783 continet,
1733 2722 1870 2762 Ruhn-

446 2797 552 2837 kenii
569 2803 611 2838 et
628 2797 806 2850 priorum
828 2797 1022 2839 editorum
1050 2794 1362 2851 praefationibns,
1382 2798 1423 2834 et
1441 2777 1643 2832 Dodweni'
1652 2787 1871 2830 Annalibus
