2008 3210
367 266 467 312 xliv

701 376 745 408 D.

368 463 542 503 Damnavit
553 473 640 496 reum
654 462 777 502 invidia
791 462 866 495 sacti
888 468 921 495 et
934 463 1082 507 Pompeii

412 507 558 540 voluntas
579 507 613 545 ii,
629 509 672 539 47

370 551 531 584 Damnum
550 550 745 593 imperatoris
778 551 834 582 scl.
849 550 922 583 caesi
945 551 979 583 in
994 550 1061 583 acie

412 595 448 632 ii,
464 597 508 627 46
530 594 633 626 amissi
648 593 754 625 militis
767 595 801 632 ri,
815 597 878 626 115
894 594 954 639 (cf.
969 595 1005 632 ii,
1019 597 1060 627 95

415 638 520 671 Crassi
553 638 586 669 in
612 637 737 670 Parthis
767 637 905 681 (clades)
950 637 984 676 ii,
1017 641 1080 670 119

413 683 564 713 damnum
588 681 704 713 civium
719 679 917 724 (pestilentia
941 681 1080 724 perdito-

414 725 501 766 rum)
531 725 566 762 ii,
581 727 622 757 21
671 724 798 762 civium,
821 724 942 756 urbium
966 725 1083 756 damna

413 767 622 810 (calamitates
635 778 673 799 ex
686 767 776 799 ruina
787 778 843 810 per
849 772 969 800 motum
982 772 1082 800 terrae:

415 811 456 843 cf.
470 810 629 854 Tiberius)

373 853 460 886 Dare
487 855 619 886 militem
642 853 821 885 libertinum
842 854 877 891 ii,
909 855 971 886 111
1009 854 1084 885 dato

417 897 561 940 adjutore
576 897 678 940 operis
691 896 877 941 (adjuncto)
899 897 933 936 ii,
945 900 986 929 95

372 940 426 974 De
441 942 593 973 industria
614 942 636 979 i,
653 943 674 973 2

374 983 501 1016 Debere
531 985 603 1026 plus
631 984 786 1016 Caesarem
812 983 919 1025 patris,
945 994 1038 1026 quam
1054 994 1087 1015 se

420 1028 512 1060 amici
534 1028 647 1059 ultioni
659 1026 808 1070 (Cessatis
822 1027 928 1069 potius
944 1037 1023 1064 esse,
1041 1027 1088 1058 ul-

417 1071 494 1105 cisci
508 1076 640 1113 patrem,
655 1081 750 1112 quarn
771 1080 872 1108 suurn,
889 1071 999 1102 ulcisci
1011 1070 1088 1102 ami-

420 1113 510 1156 cum)
543 1114 577 1152 ii,
594 1118 636 1147 65
675 1123 769 1155 quam
794 1113 867 1144 vivo
894 1113 1109 1145 iracundiamf

419 1158 583 1196 debuerat,
594 1158 627 1188 in
642 1167 755 1198 corpus
771 1157 884 1188 mortui
896 1157 1031 1188 contulit
1041 1158 1088 1232 §h

421 1212 451 1233 c.
467 1201 501 1232 in
514 1201 621 1232 vivum
636 1201 776 1232 consenc
792 1200 961 1242 debuerat)
983 1200 1017 1238 ii,
1070 1204 1088 1233 1

420 1243 480 1288 (cf.
494 1244 528 1282 ii,
544 1243 605 1285 35)
625 1243 819 1275 incrementa
837 1244 895 1274 sibi
908 1244 1019 1275 debuit
1031 1243 1089 1287 (si-

421 1288 455 1319 bi
470 1286 598 1330 meruit)
628 1287 662 1324 ii,
683 1289 726 1320 34
764 1287 939 1329 triumphus
964 1286 1089 1319 debitus

422 1331 456 1368 ii.
474 1334 537 1364 121
577 1329 722 1371 meritus)

379 1374 544 1407 Decedere
555 1331 668 1417 (mori)
679 1374 704 1411 i,
717 1376 769 1405 11.
785 1373 819 1411 ii,
836 1375 886 1406 14.
905 1375 960 1406 21.
974 1375 1017 1406 23
1030 1378 1091 1405 etc.

380 1417 553 1450 Decretum
573 1421 696 1459 patrum
737 1416 813 1448 vid.
836 1416 1092 1458 Comprehende-

422 1472 467 1498 re,
484 1460 707 1502 comprobare,
752 1458 929 1502 omplecti).
967 1460 1094 1492 decreta

423 1502 602 1547 (consulta)
621 1503 656 1541 ii,
668 1506 732 1535 110
754 1502 812 1546 (cf.
823 1502 857 1540 ii,
874 1501 955 1542 118)

382 1547 578 1597 Decreverat
586 1551 712 1578 senatus
723 1546 899 1587 provincias
910 1545 1010 1577 Bruto
1018 1544 1095 1577 Cas-

426 1592 659 1666 ἓὲιῇιζῖῑῗᾍὶζῗ
671 1587 1020 1674 ρξὲξὲῑῖιιὲῑῖῒῶῗὲεῗὲἱ
1036 1588 1096 1662 affl

426 1676 621 1708 machinatus
650 1675 713 1716 est)
745 1674 778 1712 ii,
805 1677 848 1707 60
886 1673 945 1718 (cf.
973 1674 1007 1709 ii.
1037 1673 1096 1716 48)

427 1719 533 1753 omnia
545 1717 718 1750 honorifice
747 1728 766 1748 a
789 1721 900 1749 senatu
930 1717 964 1748 in
990 1717 1095 1750 Caesa-

426 1763 664 1795 rem—decreta
676 1765 749 1793 sunt
770 1761 803 1798 ii,
820 1764 862 1794 62
899 1760 991 1793 solita
1006 1762 1096 1792 armis

426 1805 554 1839 decerni
565 1804 703 1849 (dirimi)
726 1804 761 1842 ii,
776 1807 839 1836 118

384 1851 556 1883 Decertare
568 1847 677 1890 praelio
699 1847 738 1885 ii,
750 1850 791 1879 12

386 1892 570 1926 Declaravit
597 1891 700 1933 Syria,
738 1890 882 1931 pecuniae
911 1899 1006 1932 quarn
1032 1901 1096 1922 non

431 1939 606 1968 contemtor
618 1932 797 1976 (probavit)
820 1933 854 1970 ii,
872 1936 934 1966 117

387 1980 496 2012 Decus
511 1987 611 2020 prosae
630 1977 819 2019 eloquentiae
841 1977 1013 2017 perfectum
1024 1977 1096 2019 (ve-

428 2020 556 2064 nustas)
588 2020 612 2058 i,
640 2023 681 2052 17
714 2021 811 2052 decus
839 2018 974 2062 (honor)
997 2021 1035 2057 ii,'
1054 2023 1095 2053 13

435 2064 525 2109 (coll.
548 2064 582 2101 ii,
597 2062 657 2105 36)
679 2063 786 2095 decori
802 2062 930 2105 publico
947 2064 1096 2095 conveni-

433 2108 534 2140 entior
545 2105 728 2150 (dignitati)
738 2106 761 2144 i,
778 2109 818 2139 13

387 2151 556 2184 Deducere
587 2151 629 2181 ad
650 2149 828 2192 turpissima
851 2149 970 2181 foedera
994 2148 1097 2193 (com-

432 2194 524 2237 pulit,
537 2191 660 2236 adegit)
682 2193 716 2230 ii,
731 2196 749 2225 1

388 2238 530 2270 Deesse:
546 2247 588 2269 ue
612 2236 690 2278 quid
705 2246 838 2278 usquam
859 2235 947 2267 malis
963 2236 1098 2278 publicis

432 2281 557 2313 deesset
579 2278 632 2321 (ut
659 2279 811 2311 malorum
834 2289 867 2321 p.
894 2280 1020 2311 abunde
1050 2290 1099 2310 es-

434 2323 500 2366 set)
515 2323 548 2361 ii,
559 2326 603 2356 26
624 2323 681 2366 (cf.
690 2322 725 2359 ii,
738 2321 819 2364 102)
840 2333 881 2354 ne
896 2322 974 2364 quid
987 2323 1101 2354 honori

420 2368 559 2399 'deesset
582 2366 636 2409 (ut
669 2365 781 2397 honori
805 2365 926 2408 aliquid
959 2365 1101 2406 daretur)

433 2410 469 2448 ii,
484 2413 527 2442 82
549 2413 596 2446 ut,
611 2409 664 2441 cui
679 2409 774 2440 modo
793 2409 833 2439 ad
848 2408 1009 2441 victoriam
1021 2413 1101 2441 terra

433 2453 588 2489 defuerat,
613 2451 749 2495 (reliqua
778 2461 844 2483 non
867 2450 951 2494 erat)
976 2452 1102 2485 deesset

433 2496 477 2529 ad
490 2495 684 2537 sepulturam
705 2496 739 2533 ii,
755 2497 796 2527 58
820 2494 881 2538 (cf.
904 2495 938 2532 ii,
948 2493 1009 2537 27)
1032 2505 1100 2536 gra-

436 2539 483 2572 tia
509 2549 575 2571 non
605 2537 707 2570 defuit
732 2537 852 2570 Planco
867 2539 907 2569 ad
932 2538 1101 2579 impetran-

435 2583 514 2615 dum
541 2581 658 2625 (gratia
670 2580 780 2619 valuit,
794 2585 830 2612 ut
850 2580 1045 2624 impetraret)
1067 2581 1101 2620 ii,

393 2669 540 2703 Deferre:
551 2667 666 2700 detulit
672 2671 805 2699 turmam
812 2671 982 2699 statuarum
990 2677 1103 2710 eques-

436 2713 530 2745 trium
544 2722 585 2744 ex
599 2711 793 2743 Macedonia
814 2710 837 2748 i,
851 2713 890 2743 11
914 2710 1103 2753 magnitudi-

437 2766 512 2788 nem
525 2754 677 2787 illibatam
691 2753 855 2786 detulisset
877 2754 918 2785 ad
932 2754 1048 2786 inferos
1069 2754 1104 2792 ii,

437 2801 482 2831 48
503 2798 625 2831 decane
636 2798 679 2833 ad
692 2797 829 2839 aliquem
843 2795 1028 2840 (mandare)
1048 2807 1105 2840 po-

442 2841 573 2874 tentiam
593 2841 629 2881 ii,
642 2843 687 2877 29
707 2841 859 2874 honorem
880 2839 918 2880 ii,
930 2844 972 2874 1³
1005 2841 1106 2883 impe-

1004 276 1188 310 -mmzx
1223 266 1237 293 ’-
1263 283 1269 290 ·

1174 376 1255 408 rium
1269 377 1403 410 univiro
1435 378 1470 416 ir,
1483 380 1538 412 31.
1549 380 1603 412 49.
1618 379 1662 412 ss
1694 366 1838 410 mmin-

1176 425 1244 451 tum
1265 420 1299 458 ii,
1313 423 1368 454 47.
1383 424 1426 454 89

1129 462 1276 495 Deficere
1301 463 1499 507 (destituere,
1534 463 1672 508 privare)
1704 463 1740 504 ii,
1766 464 1842 498 116-

1173 509 1248 540 120.
1266 510 1328 540 127
1351 507 1409 551 (cf.
1424 507 1589 551 Paucitas)
1759 510 1762 513 “

1130 549 1308 582 Deflectere
1337 561 1371 583 se
1396 551 1628 593 exercitumque
1654 551 1718 584 huc
1746 555 1842 594 atque

1173 593 1261 631 illuc,
1276 593 1472 637 (convertere
1481 605 1514 627 se
1529 595 1570 626 ad
1580 599 1684 637 partes
1698 593 1768 637 eas)
1782 603 1843 626 un-

1174 637 1216 669 de
1230 647 1302 679 spes
1317 637 1418 680 major
1442 638 1611 670 affulsisset
1632 637 1784 681 potentia
1806 636 1843 676 ii,

1132 723 1316 755 Defluentia
1329 723 1488 756 Socratico
1512 734 1565 756 ore
1604 723 1841 767 hilosophorum

1177 766 1304 808 ingenia
1329 766 1364 810 (e
1388 767 1554 809 disciplina
1617 768 1709 800 cratis
1723 777 1840 800 exeun-

1177 810 1233 848 tia,
1246 820 1347 853 eaque
1361 809 1510 853 formata)
1531 811 1554 849 i,
1571 813 1614 843 16

1135 853 1261 895 Degere
1274 854 1371 885 vitam
1392 854 1427 891 ii,
1440 857 1460 886 3

1135 896 1264 928 Deinde
1278 896 1384 940 (post)
1405 897 1440 934 ii,
1455 899 1498 930 2³

1136 940 1293 982 Delegata
1305 950 1379 972 cura
1393 939 1468 972 belli
1482 940 1588 972 Druso
1609 939 1644 978 ii,
1659 942 1702 973 97

1137 983 1253 1015 Delere
1269 983 1377 1025 copias
1398 983 1421 1021 i,
1436 986 1459 1016 9

1138 1027 1346 1058 Demerendis
1365 1027 1543 1058 hominibus
1571 1027 1695 1069 genitus
1718 1025 1776 1069 (ad
1792 1025 1849 1058 ob-

1182 1070 1326 1112 ligandos
1341 1070 1401 1101 sibi
1420 1071 1574 1107 homines,
1590 1071 1671 1102 bene
1685 1069 1847 1107 merendo,

1182 1123 1202 1144 a
1216 1118 1327 1144 natura
1340 1113 1506 1155 formatus)
1521 1113 1562 1150 ii,
1579 1116 1644 1154 192

1138 1156 1287 1198 Denique
1303 1156 1358 1200 (ut
1371 1157 1479 1199 paucis
1495 1154 1616 1201 dicam)
1636 1156 1672 1195 ii,
1686 1159 1720 1188 2.
1733 1157 1767 1188 6.
1794 1157 1849 1190 47.

1140 1242 1296 1274 Denotari
1318 1254 1383 1275 non
1406 1247 1531 1286 poterat
1550 1242 1647 1276 facies
1673 1241 1852 1287 (noscitari)

1183 1286 1219 1324 ii,
1233 1289 1278 1320 70

1141 1328 1339 1363 Danastium
1360 1329 1509 1372 (graviter
1533 1327 1718 1370 admonere)
1739 1327 1774 1366 ii,
1799 1330 1852 1361 55.

1185 1375 1240 1405 65.
1255 1375 1299 1406 80
1335 1372 1417 1405 Inde
1433 1373 1640 1405 Denuntiatio
1666 1371 1854 1414 explicanda

1186 1415 1220 1453 ii,
1234 1419 1278 1448 70

1144 1459 1314 1500 Deponere
1325 1469 1408 1492 arma
1422 1459 1599 1503 (discedere
1614 1469 1633 1490 a
1646 1457 1748 1501 bello)
1762 1457 1796 1496 ii,
1812 1460 1853 1490 16

1188 1502 1351 1543 imperium
1373 1502 1407 1540 ii,
1420 1506 1472 1535 31.
1496 1506 1538 1535 33
1563 1502 1670 1534 odium
1692 1502 1716 1540 i,
1731 1503 1773 1535 12
1796 1502 1852 1533 de-

1189 1546 1326 1586 positum
1341 1545 1406 1577 Hs.
1430 1546 1545 1588 septies
1561 1545 1672 1577 millies
1698 1545 1739 1577 ad
1753 1546 1854 1578 sedem

1190 1587 1270 1630 Opis
1293 1589 1326 1626 ii,
1342 1592 1384 1620 co

1146 1631 1403 1672 Deportabantur
1435 1632 1579 1674 pecuniae
1608 1642 1647 1663 ex
1684 1629 1854 1673 provinciis

1189 1673 1324 1706 Romam
1337 1675 1376 1706 ab
1391 1675 1596 1717 quaestoribus
1618 1675 1652 1713 ii,
1666 1678 1711 1708 62

1146 1716 1318 1759 Deprecari
1331 1729 1388 1760 pro
1403 1729 1437 1751 se
1458 1719 1492 1756 ii,
1508 1722 1552 1751 86

1146 1760 1354 1802 Deprehensa
1369 1767 1418 1794 est
1430 1762 1552 1794 vanitas
1566 1764 1636 1804 ejus
1660 1761 1693 1794 in
1717 1771 1756 1794 eo
1783 1760 1855 1805 (de-

1191 1803 1290 1847 tecta)
1312 1805 1346 1842 ii,
1362 1802 1405 1838 60'

1146 1847 1300 1890 Depudet
1310 1859 1382 1880 eum
1405 1849 1438 1886 ii,
1450 1851 1492 1881 73

1148 1889 1352 1923 Descendere
1378 1896 1517 1923 montem
1539 1891 1573 1930 ii,
1588 1895 1630 1925 25
1653 1892 1686 1924 in
1698 1889 1857 1932 Campum

1190 1933 1248 1976 (de
1270 1934 1459 1972 candidatis,
1483 1935 1539 1977 qui
1569 1936 1685 1967 adsunt
1704 1933 1856 1975 comitiis)

1189 1978 1223 2015 ii,
1239 1981 1282 2011 92
1316 1979 1537 2010 descendendo
1563 1979 1605 2010 ad
1629 1977 1774 2010 inferiora
1796 1977 1857 2019 115-

1189 2021 1286 2053 berna
1312 2021 1347 2059 ii,
1361 2025 1424 2054 120

1147 2062 1305 2096 Desciscit
1327 2076 1346 2096 a
1361 2064 1528 2106 disciplina
1542 2065 1695 2097 exercitus
1706 2061 1859 2107 (aberrat)

1191 2108 1225 2146 ii,
1241 2111 1283 2141 81
1307 2107 1366 2151 (cf.
1381 2108 1415 2146 ii,
1431 2107 1468 2150 1)
1491 2108 1623 2140 descivit
1644 2118 1664 2138 a
1681 2106 1772 2139 bouis
1785 2105 1857 2150 (de-

1192 2151 1287 2182 seruit
1297 2156 1399 2192 partes
1410 2151 1581 2192 bonomm)
1602 2151 1637 2188 ii,
1651 2153 1680 2183 2⁵

1148 2193 1316 2236 Descripta
1330 2194 1464 2236 publicis
1493 2194 1588 2226 literis
1603 2192 1738 2236 pecunia
1763 2191 1860 2235 (con-

1193 2237 1333 2280 signata)
1366 2237 1401 2275 ii,
1423 2240 1466 2270 3⁷
1503 2237 1660 2279 descripto
1686 2236 1720 2267 in
1749 2245 1859 2267 omnes

1195 2290 1335 2312 recessus
1351 2280 1442 2312 maris
1467 2280 1614 2322 praesidio
1628 2279 1756 2311 navium
1779 2278 1859 2321 (dis-

1194 2323 1326 2365 pertito)
1349 2323 1382 2360 ii,
1397 2326 1440 2355 32

1150 2366 1303 2398 Deserere
1316 2378 1324 2397 ε
1349 2367 1488 2398 desertus
1510 2376 1547 2397 ac
1562 2365 1705 2408 proditus
1719 2366 1760 2397 ab
1774 2374 1861 2396 exer-

1194 2410 1259 2442 citu
1283 2420 1339 2441 suo
1362 2410 1397 2446 ii,
1412 2412 1453 2441 25
1492 2408 1551 2451 (cf.
1574 2409 1608 2446 ii,
1628 2412 1683 2442 64.
1711 2411 1766 2442 80.
1781 2407 1860 2450 119)

1195 2453 1319 2484 deserta
1334 2457 1424 2484 vetus
1440 2452 1607 2494 disciplina
1618 2449 1775 2502 (abjecta)
1789 2450 1824 2488 ii,
1841 2454 1859 2483 1

1152 2496 1301 2528 Desertor
1314 2496 1385 2538 (sel.
1409 2494 1490 2537 dux)
1516 2495 1669 2527 exercitus
1687 2495 1736 2527 sui
1756 2494 1790 2533 ri,
1816 2497 1859 2527 85

1195 2540 1367 2571 desertores
1383 2537 1495 2582 (aciei)
1513 2539 1589 2571 ibid.

1152 2583 1254 2615 Deses
1268 2587 1301 2614 et
1315 2583 1488 2614 luxuriosus
1511 2581 1545 2619 ii,
1558 2583 1621 2614 105

1153 2626 1295 2658 Desidiae
1322 2626 1450 2658 crimina
1471 2624 1630 2669 (mollitiei
1656 2627 1690 2655 et
1715 2622 1860 2664 luxuriae)

1195 2670 1230 2706 ii,
1247 2672 1290 2702 87

1154 2712 1321 2754 Designati
1345 2712 1541 2753 magistratus
1561 2711 1609 2754 (in
1623 2718 1739 2742 anunm
1758 2708 1861 2751 proxi-

1199 2766 1284 2787 mum
1299 2754 1412 2797 creati)
1438 2754 1472 2792 ii,
1487 2757 1539 2787 12.
1556 2757 1630 2787 111.
1645 2756 1687 2786 15

1156 2798 1386 2841 Desperatioue
1397 2795 1776 2842 (pugnantiumqunsita
1787 2805 1860 2838 spes

1198 2841 1233 2881 ii,
1248 2846 1269 2874 5
