2008 3210
342 218 458 261 xxiv
894 229 1059 264 mnnx
1094 230 1275 266 aarum

344 326 431 366 Piso,
447 329 498 360 M.
515 327 747 371 (Calpurnius),
757 330 938 369 consularis,
951 330 1050 363 Anni·
1145 332 1253 364 sociali
1268 332 1302 370 ii,
1321 334 1358 365 15
1391 332 1503 365 eodem
1519 332 1602 365 bello
1616 333 1750 366 restituit
1764 329 1812 368 la·

386 382 448 409 am,
466 371 578 404 Cinnae
597 373 673 404 olim
687 383 825 412 uxorem,
848 374 906 406 sibi
921 380 1049 417 nuptam
1144 376 1270 408 bantem
1285 386 1383 417 remp.
1404 376 1438 414 ii,
1455 380 1496 409 16
1530 376 1716 409 seditionem
1729 378 1810 410 mili-

388 415 421 446 in
435 415 532 457 Synae
546 416 675 458 gratiam
689 416 821 448 dimittit
832 417 866 454 ii,
881 421 923 450 41
1144 424 1211 450 tum
1222 419 1255 450 in
1269 419 1312 457 Q.
1337 419 1522 462 Pompeium
1547 421 1714 462 proconsul
1727 421 1814 453 exci-

343 459 430 495 Piso,
453 458 490 490 L.
506 458 704 502 (Calpurn.),
719 461 838 492 bellum
866 461 1049 493 Thracicum
1145 463 1238 500 tatii,
1253 465 1296 494 20
1333 461 1402 504 ejus
1421 464 1578 505 ‘praeclarn
1606 473 1703 505 opera
1729 460 1812 497 circa

386 502 563 543 comprimit
573 503 607 540 ii,
622 505 666 535 98
701 504 867 545 praefectus
883 504 961 542 urbi,
976 505 1050 536 ibid.
1150 505 1300 538 Picenum
1315 515 1421 548 agrurn
1449 507 1560 538 eodem
1586 507 1646 539 hoc
1671 507 1755 539 bello
1777 508 1813 544 ii,

387 544 457 586 ejus
472 546 631 587 ingenium
647 551 680 577 et
694 558 805 584 mores,
821 547 896 579 ibid.
1145 552 1200 581 21.
1222 552 1266 582 29
1302 548 1455 581 Asculum
1480 550 1563 582 felici
1590 548 1698 591 praelio
1727 551 1815 592 cepit

344 587 431 625 Piso,
447 588 525 631 (Cn.
550 589 729 632 Calpurn.),
745 591 777 621 in
798 590 956 622 Tiberium
977 601 1053 622 con·
1145 592 1179 629 ii,
1194 595 1236 625 21
1270 592 1406 623 medium
1431 593 1512 625 inter
1535 593 1671 626 Cinnam
1684 599 1718 625 et
1741 594 1815 637 Syl·

386 631 474 673 jurat
489 632 522 669 ii,
540 635 603 664 130
626 633 742 675 (Tacit.
757 633 799 664 A.
815 634 862 671 iii,
881 634 940 676 13)
1147 635 1208 666 lam
1234 646 1267 667 se
1283 635 1379 677 gessit
1390 636 1570 668 consulatus
1593 636 1719 669 alterius
1734 636 1816 669 obti-

346 674 618 718 Pius,cogn0mcn
628 676 936 715 Metelli,Numidici
949 677 1006 709 fflii
1019 677 1054 714 ii,
1146 678 1243 710 nendi
1268 688 1372 715 causa,
1399 679 1476 710 ibid.
1513 679 1609 711 atroci
1620 680 1728 722 praelio
1742 691 1815 712 cum

390 721 430 750 15
1150 721 1253 754 Cinna
1267 722 1324 753 sub
1347 722 1500 754 moenibus
1522 721 1635 754 Romae
1660 723 1814 763 copflixit,

343 760 518 799 Placentia,
533 762 658 794 colonia
672 762 694 800 i,
713 766 751 796 14
1149 765 1228 796 ibid.
1271 765 1410 802 decedit,
1439 765 1621 807 pestilentia
1645 768 1814 798 exercitum

345 802 495 841 Plancus,
517 805 573 847 (L.
594 806 788 848 Munatius),
803 811 914 838 natura
927 816 984 837 sua
998 806 1056 837 du·
1151 807 1248 839 Rom.
1285 808 1452 846 lacerante,
1481 809 1514 840 in
1540 809 1734 851 voluptatem
1769 811 1814 842 ci-

389 848 449 879 biae
464 846 540 880 fidei
555 849 643 886 ii‚63
668 849 743 881 vitio
758 849 854 881 animi
869 850 1008 891 proditor
1022 849 1056 886 ii,
1151 851 1249 888 vium,
1263 851 1340 882 ibid.
1376 857 1526 894 patronus
1550 852 1611 883 fuit
1632 852 1728 884 totius
1753 854 1818 895 agri

390 894 432 923 83
466 892 576 924 consul
591 893 772 934 designatus
791 903 862 924 cum
889 892 937 924 D.
957 893 1057 924 Bruto
1153 894 1264 927 Piceni
1278 894 1313 932 ii,
1328 897 1371 927 29

390 935 424 972 ii,
439 937 481 967 63
505 934 574 977 ejus
600 936 739 977 proditor
762 936 796 974 ii,
809 939 863 968 63.
875 939 919 968 64
962 941 995 968 et
1010 936 1057 967 iu·
1109 938 1292 980 Pompeius,
1317 937 1378 970 Cn.
1400 938 1551 980 Magnus,
1595 939 1728 980 praeced.
1755 938 1816 980 fil.)

391 978 520 1009 sidiator
542 979 576 1015 ii,
589 982 631 1011 64
665 979 793 1019 Plotius⁴
812 979 951 1011 Plancus
964 979 1058 1011 frater
1151 981 1185 1018 ii,
1203 985 1254 1014 15.
1266 984 1321 1013 21.
1338 984 1382 1013 29
1417 981 1571 1024 Syllae,in
1602 982 1706 1013 taliam
1717 993 1817 1014 rever-

389 1027 426 1052 ut
440 1021 694 1062 proscriberetur,
715 1033 734 1054 a
754 1022 883 1054 IIIviris
912 1023 1059 1064 impetrat
1153 1035 1200 1062 so,
1215 1024 1384 1056 exercitum
1398 1035 1416 1056 e
1436 1024 1602 1056 clientibus
1617 1026 1712 1067 patris
1726 1025 1818 1057 Pice-

391 1064 424 1101 ii,
439 1067 482 1097 67
515 1065 709 1108 triumphans
723 1077 795 1098 cum
810 1066 964 1108 Lepidoa
979 1066 1059 1096 mili-
1153 1068 1212 1105 nis,
1243 1068 1368 1109 privato
1397 1068 1529 1100 consilio
1558 1068 1691 1101 adducit
1715 1068 1751 1106 ii,
1775 1071 1820 1102 29

392 1108 475 1139 tibus
501 1109 611 1141 acerbe
636 1109 739 1141 irrisus
765 1115 797 1141 et
813 1120 832 1141 a
853 1110 972 1142 civibus
987 1120 1060 1141 exe·
1154 1111 1223 1153 ejus
1238 1111 1433 1153 magnitudo,
1449 1122 1559 1153 genus,
1586 1112 1685 1143 forma
1699 1117 1734 1143 et
1754 1123 1820 1144 mo-

391 1155 505 1188 cratus,
522 1151 598 1183 ibid.
634 1163 654 1183 a
683 1153 821 1194 partibus
851 1153 888 1184 L.
914 1152 1059 1190 Antonii,
1154 1165 1213 1192 res,
1227 1155 1306 1186 ibid.
1343 1154 1417 1187 inde
1435 1165 1454 1186 a
1469 1159 1543 1197 toga
1556 1155 1636 1186 virili
1649 1155 1822 1187 commilito

393 1194 467 1226 Cos.
497 1205 588 1236 opem
622 1196 783 1228 ferendam
808 1196 934 1228 simulat
955 1196 990 1234 ii,
1017 1199 1061 1229 74
1156 1198 1251 1239 patris
1279 1202 1376 1229 artem
1405 1198 1548 1230 bellicam
1584 1198 1706 1237 didicit,
1745 1199 1822 1231 ibid.

391 1237 511 1273 fulvia>
525 1249 563 1269 ex
578 1238 671 1270 Italia
686 1240 892 1282 profugientis
907 1250 1012 1271 comes
1026 1240 1060 1277 ii,
1155 1241 1289 1273 Sertorio
1325 1241 1490 1285 (adversus
1515 1252 1608 1284 quem
1632 1241 1676 1274 U.
1701 1252 1730 1273 c.
1757 1245 1822 1275 677

391 1284 435 1314 76
458 1286 630 1313 assentator
642 1282 819 1326 Cleopatrae
842 1283 876 1321 ii,
892 1286 933 1315 83
957 1284 1060 1314 Anto·
1155 1285 1294 1326 privatus
1319 1295 1376 1326 pro
1397 1286 1525 1317 consule
1550 1285 1660 1326 missus
1685 1285 1768 1327 erat)
1785 1286 1823 1316 ti-

390 1324 437 1355 nii
463 1324 614 1363 librarius,
644 1326 723 1358 ibid.
761 1326 1061 1358 obscoenissimarum
1155 1328 1302 1365 mendus,
1336 1328 1413 1359 ibid.
1457 1340 1495 1360 ex
1531 1328 1693 1371 Hispaniis
1728 1339 1826 1372 eques

390 1378 491 1399 rerum
506 1373 615 1400 auctor
628 1374 662 1401 et
676 1370 825 1408 minister,
842 1370 874 1401 in
889 1369 995 1400 omnia
1007 1380 1061 1401 ve·
1155 1370 1251 1402 Rom.
1276 1371 1446 1414 triumphat
1471 1372 1586 1415 (altera
1612 1371 1699 1414 vice)
1728 1372 1762 1410 ii,
1779 1375 1822 1405 30

392 1411 484 1450 nalis,
500 1412 578 1444 ibid.
601 1412 758 1444 Glaucum
774 1413 890 1445 saltans
905 1413 938 1444 in
953 1413 1062 1445 convi-
1157 1413 1266 1445 consul
1303 1415 1404 1446 factus
1439 1415 1492 1447 die
1520 1420 1594 1457 post
1620 1415 1824 1457 triumphurn,

381 1453 443 1486 'vio
458 1454 654 1497 refrigeratus
680 1457 720 1487 ab
749 1456 890 1488 Antonio
912 1457 954 1487 ob
981 1456 1062 1497 rapi·
1157 1457 1233 1488 ibid.
1265 1458 1419 1499 aequalern
1431 1458 1509 1490 ferre
1520 1458 1632 1500 nequit
1644 1458 1678 1495 ii,
1693 1462 1747 1491 29.
1770 1462 1825 1492 30.

392 1507 501 1529 narum
525 1499 644 1530 indicia
658 1500 834 1538 manifesta,
849 1500 926 1531 ibid.
964 1504 1062 1530 trans·
1158 1503 1200 1533 83
1224 1501 1333 1532 consul
1355 1501 1553 1532 tribuniciam
1576 1506 1763 1543 potestatem
1789 1503 1827 1543 (a

390 1541 474 1583 fugit
487 1542 527 1572 ad
545 1541 730 1581 Octavium,
745 1543 825 1575 ibid.
864 1543 1063 1575 clementiam
1157 1543 1246 1586 Sylla
1261 1543 1473 1586 imminutam)
1491 1544 1625 1576 restituit
1646 1545 1680 1582 ii,
1697 1547 1739 1577 30
1761 1556 1827 1576 ma·

392 1584 488 1626 hujus
516 1595 572 1626 pro
603 1585 717 1617 virtute
746 1597 802 1617 sua
831 1586 1063 1627 interpretatur,
1154 1586 1208 1628 jor
1229 1587 1356 1619 homine
1381 1588 1515 1619 habetur
1540 1587 1574 1625 ii,
1589 1589 1631 1620 31
1669 1588 1778 1620 consul
1794 1588 1827 1620 in

392 1627 471 1659 ibid.
509 1629 668 1660 absentem
697 1628 874 1661 Antonium
896 1629 930 1660 in
953 1634 1064 1660 senatu
1159 1630 1351 1672 provinciam
1381 1630 1500 1663 nullam
1528 1642 1562 1663 sc
1592 1630 1707 1662 iturum
1728 1630 1828 1673 jurat,

394 1670 530 1708 incusat,
543 1671 619 1703 ibid.
654 1673 791 1714 Augusti
806 1683 982 1714 cognomen
999 1672 1064 1704 Oc·
1157 1674 1235 1705 ibid.
1257 1674 1374 1705 bellurn
1388 1674 1552 1716 piraticum
1567 1674 1597 1706 ei
1611 1675 1776 1706 mandatur
1789 1686 1828 1707 ex

393 1714 518 1745 taviano
531 1714 670 1746 dandum
685 1721 793 1747 censet
805 1716 840 1753 ii,
852 1719 892 1748 91
910 1715 979 1758 ejus
989 1727 1064 1748 cen·
1159 1717 1229 1758 lege
1243 1716 1392 1754 Gabinia,
1409 1729 1480 1749 cum
1504 1718 1636 1760 imperio
1657 1719 1829 1750 extraordi-

393 1767 464 1788 sura
489 1757 634 1790 inefficax
648 1759 689 1790 ob
714 1759 878 1791 criminum
901 1760 1066 1791 conscien-
1159 1761 1257 1798 nario,
1273 1761 1350 1792 ibid.
1385 1761 1536 1792 invidiam
1557 1762 1744 1803 optimatum
1768 1762 1828 1794 bac

394 1801 471 1832 tiam
485 1801 519 1839 ii,
534 1803 577 1833 95
1159 1814 1198 1835 ex
1223 1815 1256 1836 re
1271 1804 1327 1835 sibi
1344 1805 1510 1842 contrahit,
1534 1804 1613 1836 ibid.
1642 1805 1755 1836 nimius
1769 1805 1829 1837 rei-

351 1844 466 1875 Plastae
481 1844 697 1886 perfectissimi
721 1845 755 1877 in
777 1850 929 1878 arctatum
944 1851 1066 1888 tempo·
1160 1847 1296 1889 publicae
1326 1847 1360 1884 ii,
1385 1851 1427 1880 32
1462 1848 1577 1890 piratas
1605 1847 1722 1886 fundit,
1749 1849 1826 1880 ibid.

395 1887 436 1918 ris
450 1888 586 1928 spatium
598 1894 808 1931 congruentes
822 1890 844 1927 i,
862 1893 903 1922 17
1160 1901 1267 1922 eorum
1281 1890 1438 1932 reliquias,
1463 1891 1573 1933 procul
1598 1901 1619 1923 a
1641 1892 1716 1924 mari
1732 1891 1830 1924 collo-

354 1930 461 1966 Plato,
498 1930 685 1969 Socraticus,
713 1932 796 1964 circa
832 1943 926 1975 quem
962 1933 1068 1964 floruit
1161 1939 1259 1972 catas,
1273 1935 1389 1976 rapinis
1405 1939 1500 1972 arcet,
1515 1935 1594 1966 ibid.
1616 1935 1738 1978 exlege
1753 1935 1829 1967 Ma-

397 1974 597 2016 philosophia
609 1975 690 2007 inter
703 1975 831 2007 Graecos
846 1977 869 2014 i,
886 1980 928 2009 16
1161 1977 1238 2008 uilia
1257 1978 1374 2009 bellum
1389 1978 1640 2010 Mithridaticum
1652 1979 1683 2011 ei
1699 1979 1828 2019 mnda-

354 2016 499 2049 Plautius
512 2018 668 2056 Silvanus,
679 2018 778 2062 (M.),
791 2018 874 2050 bello
888 2019 1067 2051 Delmatico
1162 2025 1213 2051 tur
1227 2021 1260 2058 ii,
1276 2024 1317 2053 33
1341 2021 1410 2063 ejus
1424 2020 1530 2063 jurgia
1544 2032 1616 2053 cum
1630 2021 1669 2054 L.
1683 2021 1831 2058 Lucullo.

396 2067 430 2092 et
444 2061 630 2093 Pannonico
644 2062 769 2094 Tiberio
785 2063 899 2094 auxilia
921 2063 1069 2106 (forsitan
1163 2064 1241 2095 ibid.
1277 2065 1475 2105 imperiorum
1498 2064 1696 2097 interminata
1709 2060 1833 2107 cupidi-

398 2114 437 2135 ex
453 2104 664 2148 Macedonia)
679 2107 811 2138 adducit
825 2106 859 2144 ii,
877 2109 939 2141 112
1164 2113 1211 2138 tas
1234 2108 1275 2139 ab
1297 2108 1357 2139 hoc
1371 2108 1401 2139 ei
1416 2108 1501 2139 haud
1520 2108 1672 2139 immerito
1693 2107 1832 2150 objecta,

360 2146 477 2185 Pollio,
492 2148 558 2180 vid.
573 2147 702 2180 Asinius
1163 2151 1241 2182 ibid.
1265 2151 1324 2194 (cf.
1336 2151 1370 2188 ii,
1381 2151 1442 2193 29)
1464 2151 1566 2183 facete
1579 2151 1649 2193 ejus
1663 2151 1782 2183 dictum
1799 2151 1832 2182 in

355 2190 510 2233 Polybius
537 2190 738 2242 (historicus)
763 2192 905 2235 Scipioni
921 2193 989 2224 Afr.
1013 2193 1070 2223 rni-
1165 2193 1343 2232 Lucullum,
1359 2195 1436 2226 ibid.
1469 2199 1589 2236 partem
1610 2194 1716 2236 gloriae
1730 2194 1833 2227 Cretae

396 2234 467 2265 nori
480 2234 640 2266 familiaris
651 2240 684 2267 et
694 2246 799 2268 comes
810 2241 979 2279 perpetuus
992 2236 1014 2274 i,
1028 2238 1068 2268 13
1165 2247 1184 2268 a
1213 2238 1255 2274 Q.
1272 2238 1407 2268 Metello
1432 2237 1563 2268 devictae
1592 2237 1652 2268 sibi
1676 2237 1835 2269 vindicare

356 2276 580 2319 Pompeiorum
594 2278 721 2310 familiae
735 2285 814 2321 quot
827 2280 862 2318 ii,
877 2283 918 2312 21
1166 2285 1297 2322 conatur
1316 2280 1350 2318 ii,
1366 2283 1408 2312 34
1445 2281 1486 2311 ob
1501 2280 1535 2311 id
1549 2280 1668 2312 invidia
1681 2281 1835 2313 bonorum

355 2320 542 2362 Pompeius,
559 2321 614 2359 Q„
629 2322 748 2363 primus
761 2333 780 2354 e
790 2322 951 2365 Pompeiis
963 2321 1072 2354 consul
1167 2324 1314 2365 tangitur,
1329 2323 1409 2354 ibid.
1446 2321 1564 2356 bellum
1589 2324 1739 2355 adversus
1767 2324 1836 2356 Mi-

396 2374 467 2396 cum
494 2364 555 2396 Cn.
581 2364 711 2397 Servilio
738 2365 800 2409 (U.
822 2377 851 2398 c.
880 2365 962 2408 612)
991 2365 1024 2403 ii,
1041 2368 1071 2397 1.
1167 2366 1333 2398 thridatem
1345 2366 1480 2398 feliciter
1495 2367 1573 2409 gerit
1598 2367 1632 2404 ii,
1647 2369 1688 2400 37
1725 2367 1834 2410 Tigra-

396 2409 438 2440 21
463 2411 555 2449 turpe
571 2407 672 2440 foedus
694 2419 767 2441 cum
781 2409 985 2441 Numantinis
998 2408 1074 2439 fecit
1166 2420 1238 2441 nem
1253 2408 1414 2450 Armeniae,
1425 2420 1530 2452 regem
1545 2410 1636 2452 petit,
1648 2410 1728 2442 ibid.
1763 2421 1835 2444 eum

400 2450 435 2488 ii,
452 2453 484 2483 1.
505 2454 549 2483 90
583 2452 683 2493 gratia
697 2463 736 2484 ex
758 2463 815 2484 sna
829 2454 871 2484 ob
885 2453 918 2484 id
934 2451 1073 2493 impuni-
1167 2463 1201 2484 se
1231 2453 1401 2484 dedentem
1430 2453 1549 2495 excipit
1567 2458 1601 2485 et
1623 2453 1761 2495 pecunia
1787 2453 1837 2485 in-

399 2498 451 2524 tus
466 2493 501 2530 ii,
519 2497 533 2526 1
1169 2496 1254 2538 genti
1269 2501 1302 2527 et
1317 2497 1404 2527 terris
1420 2496 1598 2534 mulctavit,
1614 2497 1692 2528 ibid.
1714 2496 1837 2540 Syriam

354 2536 543 2578 Pompeius,
560 2537 603 2575 Q.
619 2536 719 2579 (filius
733 2537 858 2580 praec.)‚
874 2537 985 2569 consul
1002 2548 1074 2568 curn
1167 2540 1202 2570 in
1214 2543 1402 2580 potestatem
1418 2540 1455 2571 P.
1468 2539 1510 2570 R.
1523 2540 1646 2582 redigit,
1659 2539 1735 2571 ibid.
1751 2539 1837 2574 Pon-

401 2579 442 2611 L.
457 2580 555 2612 Corn.
570 2580 661 2623 Sylla
675 2581 710 2618 ii,
726 2584 767 2614 17
803 2581 872 2623 ejus
887 2581 981 2618 filius,
1002 2581 1075 2622 Syl·
1170 2587 1236 2613 tum
1251 2583 1443 2624 provinciam
1456 2583 1534 2615 fecit
1547 2583 1582 2620 ii,
1597 2586 1640 2616 38
1663 2581 1838 2623 penetravit

399 2622 439 2654 1ae
455 2634 562 2665 gener,
592 2634 612 2654 a
625 2624 723 2655 Marii
738 2625 878 2666 partibus
894 2624 1078 2656 interficitur
1169 2626 1269 2657 victor
1291 2626 1447 2664 Mediam,
1462 2625 1644 2664 Albaniam,
1658 2625 1793 2658 Iber-iarn
1806 2631 1838 2659 et

400 2665 436 2703 ii,
455 2669 498 2699 18
521 2667 590 2709 ipse
606 2667 646 2701 ab
662 2668 802 2700 exercitu
817 2668 966 2700 seditioso
982 2667 1077 2699 inter-
1171 2679 1255 2700 oram
1267 2669 1363 2700 Ponti
1376 2669 1410 2706 ii,
1424 2672 1468 2702 40
1505 2668 1575 2710 ejus
1589 2668 1707 2701 reditus
1724 2668 1760 2700 in
1771 2667 1837 2700 Ita-

404 2709 520 2747 ficitur,
537 2715 664 2742 auctore
681 2711 742 2743 Cn.
757 2711 912 2753 Pompeio
927 2711 961 2748 ii,
977 2713 1021 2743 20
1171 2711 1245 2743 liam
1259 2712 1437 2744 favorabilis
1452 2713 1493 2744 ob
1508 2712 1598 2755 quid,
1610 2712 1688 2743 ibid.
1721 2712 1841 2743 dimisit

359 2751 543 2794 Pompeius,
559 2753 632 2791 Cn„
659 2754 773 2796 Magni
797 2760 885 2796 pater
898 2753 932 2792 ii,
949 2757 1001 2787 15.
1023 2756 1077 2786 21.
1170 2755 1341 2787 exercitum
1355 2755 1527 2792 Brundisii,
1542 2755 1618 2786 ibid.
1640 2765 1696 2797 per
1709 2755 1841 2787 biduum

403 2797 446 2826 29
481 2795 555 2828 Cos.
571 2796 632 2839 (U.
647 2808 676 2830 c.
701 2797 785 2840 666)
801 2799 967 2840 imperator
993 2797 1076 2830 bello
1173 2798 1383 2840 triumphavit,
1395 2803 1428 2830 et
1442 2799 1580 2830 aerarium
1593 2798 1705 2830 ditavit
1720 2809 1759 2829 ex
1774 2808 1835 2829 ma-
