2002 3250
273 297 331 339 14
817 302 1210 335 PROLEGOMENA.

278 404 287 417 ⁹
336 406 391 450 In
430 406 520 449 illis
552 417 659 447 vero
686 402 874 445 'summis
905 402 1144 456 seligendis
1175 403 1356 444 secutus
1390 403 1459 443 est
1486 399 1656 442 Noster
1685 392 1756 443 res

274 477 457 521 lectoris
488 473 680 517 Romani
709 470 962 525 cognitione
994 470 1302 524 dignissimaS‚
1335 468 1566 523 voluptate
1593 464 1759 523 cogno-⁴

275 545 427 590 scendi
441 543 684 600 jucundas,
707 541 764 583 ad
793 540 965 582 animos
994 538 1342 582 commovendos
1366 537 1669 592 gravissimas,
1691 540 1755 580 at-

275 628 363 671 que
384 613 591 667 exemplo
612 612 659 652 in
678 613 913 664 utramque
938 612 1110 664 partem
1137 607 1416 650 utilissimas.
1481 605 1585 658 Quo
1603 620 1662 649 ex
1682 620 1756 662 ge-

275 696 378 726 nere
399 685 500 725 sunt
519 680 684 730 omnia,
706 691 808 733 quae
829 679 1066 732 ingenuum
1093 681 1136 720 et
1162 677 1393 719 liberalem
1411 676 1638 718 hominem
1659 675 1756 718 Ro-

275 765 458 795 manum
475 748 646 792 nescire
670 746 941 800 dedecebat;
971 760 1073 802 quae
1095 759 1196 788 eum
1226 745 1281 787 de
1312 747 1504 800 gentium
1524 745 1758 788 celeberr-i-

276 833 463 870 marum,
499 817 702 872 inprimis
759 828 872 868 suae,
922 815 1181 870 originibuS,
1223 814 1416 866 fortuna,
1459 814 1758 867 incrementis,

274 888 527 938 virtutibus,
547 884 802 940 disciplina,
835 884 1004 927 artibus
1027 883 1306 938 inventisque
1338 883 1623 936 erudiebant3
1656 897 1757 939 quae

273 955 575 1012 magnitudine
606 966 690 996 sua
719 957 766 994 et
794 952 1049 995 effectorum
1079 953 1126 995 vi
1146 956 1239 994 tum
1259 952 1307 993 in
1325 954 1596 1006 praesentem
1615 965 1760 994 rerum

272 1029 454 1076 statum,
489 1027 583 1065 tum
617 1022 665 1064 in
699 1021 1021 1075 consequentia
1053 1023 1266 1074 tempora,
1305 1023 1428 1061 erant
1466 1020 1733 1073 gravissima
1746 1034 1761 1074 ς

276 1107 378 1148 quae
401 1095 445 1135 et
465 1091 744 1146 antiquitate,
765 1096 809 1132 et
828 1089 1046 1140 novitate,
1068 1092 1112 1131 et
1132 1088 1431 1143 magnitudine
1451 1092 1497 1131 et
1526 1089 1760 1134 honestate

275 1163 459 1204 lectores
489 1159 738 1211 afficerent3
778 1171 880 1212 quae
911 1157 982 1199 vel
1018 1157 1075 1199 ad
1108 1156 1342 1199 honestum
1375 1157 1591 1208 alliciant,
1624 1158 1699 1200 vel
1732 1171 1761 1202 a

274 1230 394 1286 turpi
420 1228 663 1280 deterrent;
695 1226 888 1280 denique
917 1238 1021 1280 quae
1052 1224 1231 1276 docent,
1256 1228 1449 1277 monent,
1471 1229 1663 1279 movent,
1684 1226 1762 1270 de-

275 1299 452 1349 lectant,
475 1295 645 1351 quippe
666 1308 770 1350 quae
793 1294 924 1349 sequi
944 1294 1135 1336 oratoris
1155 1297 1236 1336 est.

337 1366 401 1409 Ut
420 1377 538 1416 vero,
568 1364 787 1406 intuentes
806 1361 1018 1417 majorem
1039 1366 1083 1404 et
1098 1362 1381 1417 integriorem
1401 1364 1550 1419 operis
1570 1368 1761 1420 partem,

277 1448 350 1479 res
381 1434 613 1477 Romanas
643 1431 1025 1486 complectentem,
1062 1431 1236 1485 singula
1269 1444 1604 1486 persequamur,
1637 1446 1762 1476 com-

277 1502 510 1560 prehendit
528 1501 728 1544 Velleius
749 1499 920 1552 ordine,
941 1512 1044 1555 quae
1067 1500 1138 1542 vel
1158 1499 1216 1542 ad
1238 1501 1355 1542 vires
1377 1513 1575 1556 opesque
1596 1502 1764 1547 Roma-

278 1586 434 1616 norum
455 1575 630 1622 auctas,
661 1573 707 1612 et
735 1569 935 1612 adfines
966 1570 1145 1624 imperii
1172 1570 1267 1613 sive
1293 1584 1375 1625 per
1397 1571 1530 1624 bella,
1560 1572 1656 1616 sive
1682 1587 1765 1630 per

279 1644 398 1684 artes
419 1641 647 1690 dilatatos,
668 1639 739 1682 vel
765 1638 823 1681 ad
850 1639 1111 1694 reipublicae
1132 1638 1319 1682 sormam
1338 1642 1382 1682 et
1402 1640 1603 1700 ordinum
1622 1642 1766 1698 digni-

279 1713 512 1764 tatumque
543 1710 722 1758 statum,
758 1709 835 1748 aut
867 1705 1039 1761 legibus
1072 1708 1218 1759 novis,
1257 1710 1334 1750 aut
1366 1714 1530 1763 praeter
1564 1710 1764 1754 ordinem

280 1778 493 1834 legesque
510 1770 740 1827 institutis,
771 1780 852 1817 aut
881 1776 1138 1819 domesticis
1168 1778 1366 1820 motibus
1391 1779 1763 1833 transformatum,

280 1847 352 1888 vel
372 1846 429 1888 ad
448 1858 593 1888 mores
612 1848 654 1886 et
674 1844 973 1900 disciplinam,
990 1859 1181 1902 eamque
1202 1846 1446 1901 publicam,
1467 1848 1764 1903 privatamve,

280 1915 574 1965 immutatam,
602 1913 674 1956 vel
703 1913 761 1955 ad
791 1914 955 1968 ingenii
985 1915 1157 1957 cultum
1188 1919 1231 1957 et
1259 1915 1487 1957 literarum
1517 1918 1770 1974 artiumque

279 1983 549 2026 incrementa
578 1986 713 2037 atque
731 1981 974 2038 fastigium,
996 1983 1068 2026 vel
1092 1984 1149 2026 ad
1169 1985 1441 2039 singulorum
1461 1985 1657 2029 virorum
1676 1987 1764 2031 for-

283 2054 435 2094 tunam
453 2050 689 2107 pertinent.

339 2119 516 2163 Harum
546 2131 692 2161 rerum
737 2121 1076 2164 enarrandarum
1118 2135 1275 2178 agmen
1309 2124 1441 2179 quasi
1472 2124 1643 2167 ducunt
1678 2139 1764 2179 eae,

281 2201 384 2244 quae
415 2188 614 2244 publice,
649 2192 726 2231 aut
754 2189 862 2232 foris
906 2196 987 2233 aut
1022 2192 1160 2243 domi,
1197 2197 1334 2246 gestae
1365 2197 1478 2246 sunt,
1513 2197 1765 2251 statumque

279 2256 510 2312 publicum
531 2260 923 2301 commutaverunt.
986 2259 1105 2310 Has,
1136 2263 1185 2301 ut
1211 2273 1309 2301 sese
1338 2261 1568 2316 excipiunt
1594 2266 1765 2319 tempo-

280 2323 343 2366 ris
370 2324 535 2378 ordine,
567 2326 696 2370 annis
725 2327 910 2378 notatis,
941 2330 1099 2369 auctor
1129 2327 1326 2383 disponit
1350 2342 1428 2382 per
1456 2333 1597 2372 totum
1630 2327 1764 2387 opus,

281 2404 444 2448 easque
473 2394 689 2448 singulas,
726 2408 830 2449 quae
873 2395 1014 2438 veluti
1047 2403 1198 2450 partes
1240 2397 1437 2451 potiores
1472 2399 1764 2452 constituunt,

280 2461 491 2505 continua
519 2462 632 2504 serie
653 2464 946 2518 persequitur,
967 2463 1112 2506 donec
1142 2465 1198 2506 ad
1226 2465 1357 2507 finem
1378 2467 1593 2521 perducta
1613 2468 1671 2510 sit
1689 2481 1765 2512 ea-

281 2542 377 2579 rum
403 2520 645 2585 expositio,
667 2535 718 2573 ut
739 2532 994 2584 subsistere,
1028 2536 1074 2575 et
1102 2534 1277 2589 reliqua
1307 2535 1455 2577 minus
1477 2536 1763 2588 notabiliora,

282 2597 414 2642 circa«
434 2597 551 2640 idem
581 2602 759 2653 tempus
795 2603 934 2653 gesta,
964 2601 1035 2642 vel
1065 2601 1326 2654 incidentia,
1354 2616 1457 2658 quae
1491 2590 1638 2646 autem
1671 2617 1765 2647 eru-

283 2666 426 2717 diunt,
448 2670 631 2726 movent
662 2672 798 2722 atque
830 2668 1063 2720 delectant,
1093 2670 1356 2724 subjungere
1383 2675 1529 2726 queat.
1590 2673 1646 2714 In
1668 2674 1767 2728 qui-

283 2735 370 2778 bus
396 2738 487 2777 'non
519 2748 699 2791 semper
732 2737 946 2791 temporis
980 2737 1178 2780 ordinem
1211 2739 1399 2780 strictim
1434 2741 1649 2794 sequitur,
1685 2741 1766 2785 sed

283 2803 680 2860 potiusmemoriae
705 2804 936 2859 impetum,
957 2818 1193 2861 rerumque
1219 2807 1548 2849 similitudinem
1572 2808 1767 2852 invicem

287 2883 390 2920 §ose
413 2872 528 2916 ultro
546 2873 592 2915 in
613 2873 807 2917 animum
826 2875 1147 2928 revocantium,
1167 2874 1344 2932 locique
1374 2877 1770 2937 opportunitatem.
