2002 3250
399 276 457 319 66
836 285 878 315 c.
911 282 1115 314 vermen
1151 279 1436 314 PATERcum

401 382 560 427 Fulvio
595 380 832 425 Nobiliore
864 379 1142 426 consulibus-
1160 377 1243 433 [U.·
1270 391 1309 421 c.
1340 376 1442 420 565.
1470 389 1511 419 a.
1532 374 1635 422 Chr.
1663 373 1873 430 naelsssspffl

402 451 623 502 Bononia*
641 449 829 492 deducta
849 447 1045 498 colonia,
1067 446 1230 489 abhinc
1244 458 1392 488 annos
1411 444 1546 488 ferme
1564 451 1780 498 ccxvii-3
1800 446 1882 495 et.

400 523 507 575 post
536 518 889 574 quadriennium,
923 515 1176 558 Pisaurum⁵
1197 527 1269 561 ac.
1287 513 1516 566 Potentia3
1551 512 1874 568 interiectaque

401 588 588 630 triennio
607 584 854 642 Aquileia³‘
872 587 915 626 et
930 583 1167 635 Gravisca,
1188 586 1231 628 et
1246 585 1351 638 post
1366 579 1701 636 quadriennium
1715 580 1876 626 Lucas!

401 655 571 698 Eodem
591 660 838 709 temporum
861 655 1006 696 tractu
1042 651 1120 707 [U.
1142 665 1181 693 c.
1199 650 1301 695 596.
1321 663 1361 692 a.
1383 648 1485 692 Chr.
1505 662 1545 696 n.
1567 649 1666 692 157.
1668 647 1703 702 ],
1729 657 1882 704 quan-j

398 737 532 779 quam
554 722 674 779 apud
701 722 921 778 quosdam
956 720 1209 775 ambigitur,
1246 719 1512 770 Puteolos,v
1515 718 1875 775 Salernumquoe

398 794 443 840 et
477 791 732 834 Buxentum
757 790 886 832 missi
915 789 1077 831 coloni.
1158 786 1431 830 Auximumw
1464 789 1612 834 autem
1655 786 1715 830 in
1736 776 1877 833 Pice-2

396 872 517 911 num,
538 858 700 902 abhinc
722 871 862 901 annos
883 866 1176 908 oux-xxvii„
1207 859 1308 899 ante
1328 855 1577 906 triennium,
1605 867 1740 910 quam
1760 853 1872 896 Cas-

397 927 492 970 sius
525 939 694 978 censor,
729 939 759 969 a
793 925 1047 981 Lupercali¹
1085 924 1132 966 in
1163 924 1389 971 Palatium
1408 932 1606 976 ,versuss
1635 924 1872 968 theatrumv

395 995 547 1037 facere
566 995 770 1037 instituit.
801 1023 803 1026 .
832 994 917 1036 Cui
933 993 997 1036 id⁵
1017 992 1320 1035 demoliendo²
1339 992 1509 1035 eximia
1528 992 1730 1035 civitatis·
1745 1004 1874 1034 seve-a

395 1063 505 1106 ritas
524 1066 569 1106 et
587 1063 744 1106 consul
772 1060 948 1117 Scipio⁶
976 1060 1188 1103 restitere.
1219 1059 1297 1115 [U.
1321 1073 1360 1102 c.
1380 1060 1480 1103 599.
1501 1072 1541 1102 a.
1561 1058 1663 1103 Chr.
1683 1058 1868 1111 n.1154.]

761 1191 775 1207 f
797 1185 827 1218 A
843 1185 1010 1228 Lupercali
1023 1194 1130 1227 versus
1142 1189 1278 1220 montem
1290 1184 1486 1217 Palatinum.

972 1277 976 1280 ”
1011 1274 1126 1290 OOONO
1130 1276 1247 1288 ὈΜΝ

394 1343 494 1376 Clud.
522 1343 570 1375 Μ.
590 1343 701 1376 Fulvio
716 1342 782 1375 Ed.
798 1342 905 1375 Basil.
929 1343 1048 1375 Burm.
1076 1343 1186 1385 Lugd.
1207 1344 1288 1376 Bat.
1303 1347 1336 1376 2.
1340 1346 1403 1376 -3
1429 1343 1492 1376 Ed.
1510 1353 1561 1385 pr.
1576 1342 1628 1385 Λα]
1630 1343 1720 1375 uilia.
1723 1345 1786 1375 —4
1810 1331 1867 1375 Ita

387 1387 462 1428 jam
478 1386 543 1418 Ed.
562 1387 668 1419 Basil.
691 1387 844 1418 correxit
870 1396 912 1418 ex
938 1386 1160 1419 Liv.xxx1v.
1177 1389 1230 1419 35.
1254 1386 1319 1419 Ed.
1336 1397 1388 1428 pr.
1410 1387 1653 1418 Faler.num——5
1679 1385 1742 1418 Ed.
1759 1395 1813 1428 pr.
1830 1389 1867 1418 et

392 1434 471 1471 post
486 1439 561 1461 eam
577 1430 696 1462 Burm.
713 1430 896 1461 Ruhnken.
912 1433 949 1462 et
965 1430 1076 1471 Lugd.
1093 1431 1173 1462 Bat.
1189 1433 1222 1462 2.
1244 1430 1278 1461 in
1293 1430 1496 1470 demoliendo,
1520 1439 1562 1461 ex
1580 1439 1648 1471 quo
1672 1428 1753 1461 Ald.
1771 1429 1865 1470 Nep.

393 1473 488 1514 Lips.
522 1474 556 1504 in
581 1474 751 1506 emoliendo
777 1483 803 1505 s.
831 1472 1054 1513 perficiendo.
1082 1483 1167 1515 quos
1193 1474 1350 1523 sequitur
1376 1473 1480 1505 Clud.
1507 1473 1668 1514 Riguez„
1694 1473 1865 1514 probante

391 1516 521 1556 Burm.‚
536 1515 571 1547 in
584 1525 618 1547 oo
633 1516 804 1547 moliendo.-
828 1515 1006 1548 Ruhnken.
1022 1516 1110 1558 conj.
1127 1517 1160 1548 id
1174 1516 1333 1551 emolienti
1351 1526 1376 1548 ⁵.
1392 1515 1545 1548 molienti.
1562 1515 1714 1548 Gmner.
1727 1514 1823 1556 Jani,
1830 1519 1866 1548 et

391 1559 435 1592 al.
458 1558 492 1591 id
512 1539 717 1592 itenwliendo.
741 1557 809 1591 Ed.
833 1557 974 1600 Bipont.
998 1558 1072 1591 inde
1097 1558 1261 1592 moliendo.
1262 1561 1327 1591 —6
1349 1559 1416 1592 Ed.
1445 1569 1497 1601 pr.
1525 1559 1632 1602 Capio.
1633 1561 1697 1592 -7
1720 1558 1785 1592 Ea.
1811 1568 1863 1601 pr.

1062 1666 1204 1700 NOTAE

1153 1765 1229 1788 mo:
1252 1754 1430 1795 Salernum,
1446 1754 1588 1795 Salerne‚
1602 1753 1636 1786 in
1651 1763 1755 1796 regno
1772 1754 1804 1787 N
1808 1764 1863 1787 ea·

434 1759 446 1775 r
468 1754 632 1795 Bononia]
656 1753 727 1787 Sita
743 1757 798 1786 est
814 1763 923 1796 prope
940 1754 1098 1786 Rhenum
1394 1799 1398 1803 .

1155 1807 1322 1851 pontano,
1348 1805 1571 1848 Principatus
1595 1805 1775 1851 Citerioris
1806 1815 1869 1852 cas

389 1816 536 1847 amnem,
562 1806 596 1838 in
621 1805 770 1838 dominio
797 1805 1001 1838 Pontificio:
1028 1802 1100 1847 pin-

389 1856 465 1897 guis
494 1856 570 1897 soli,
597 1856 688 1889 u'nde
715 1854 824 1900 nobisv
844 1851 986 1899 dicitur,
1013 1857 1100 1889 Bou-

388 1909 478 1948 logne
489 1908 521 1939 la
532 1917 653 1948 grasse.

431 1963 443 1978 ⁸
456 1958 654 1999 Pisaurum]
675 1959 794 1991 Pesaro
815 1960 974 1992 Ducatus
995 1959 1097 1992 Urbi-

387 2008 436 2048 ni,
451 2008 485 2040 in
501 2008 635 2041 ditione
656 2008 853 2051 Pontificia,
876 2014 914 2042 et
928 2010 963 2042 in
976 2020 1037 2043 ora
1050 2010 1097 2042 A-

386 2060 528 2092 driatici
550 2060 678 2092 maris:
702 2061 868 2102 Potentia,
892 2061 972 2094 urbs
994 2061 1097 2094 Pice-

387 2111 435 2152 ni,
456 2111 584 2153 excisa,
608 2111 707 2153 cujus
733 2121 855 2144 nomen
880 2117 1037 2155 superest
1060 2113 1096 2145 in

386 2160 544 2204 proxima
559 2160 724 2204 Abbatia,
735 2172 812 2204 quae
827 2166 958 2195 sanctae
971 2163 1095 2196 Mariae

386 2210 527 2254 dicitur,
549 2221 616 2244 non
644 2213 766 2254 procul
791 2223 811 2246 a
826 2217 930 2255 portu
958 2214 1095 2247 Recite-

386 2261 498 2302 nensi,
514 2262 682 2295 Recanati.

429 2312 441 2334 ί
462 2313 624 2356 Aquileia]
648 2314 794 2357 Aquiue,
806 2315 891 2348 alias
904 2317 1095 2359 perampla,

385 2372 477 2395 nune
497 2363 541 2395 ob
557 2363 644 2396 aeris
660 2364 915 2398 inclementiam
932 2366 1071 2400 deserta
1085 2379 1094 2400 z

389 2414 556 2455 Grauisca,
581 2414 614 2446 in
641 2416 805 2448 Etruria:
843 2427 933 2449 nunc
964 2418 1093 2462 excisa,

384 2465 484 2507 cujus
499 2475 543 2497 ex
559 2465 666 2498 ruinis
675 2467 785 2500 crevit
797 2467 997 2510 Cornetum,
1015 2471 1092 2503 Cor-

362 2520 470 2558 .neto,
483 2516 520 2549 in
546 2516 724 2558 provincia
747 2517 953 2552 Patrimonii
974 2521 1009 2553 S.
1024 2522 1092 2553 Pe-

385 2567 441 2600 tri.

427 2622 442 2638 ²¹
464 2617 566 2659 Luca]
599 2618 692 2651 Urbs
728 2610 966 2663 munitissima,
1001 2632 1092 2655 nunc

384 2668 435 2701 sui
453 2668 555 2711 juris,
570 2673 607 2702 et
635 2669 849 2712 Respublica
863 2671 986 2715 libera,
1011 2673 1092 2706 Luc-

382 2729 465 2760 ques.

426 2775 440 2791 v
463 2771 625 2813 Puteolos]
647 2772 778 2805 Incolis
794 2773 970 2807 Pozzuolo:
994 2774 1091 2807 nobis

383 2821 510 2852 Pouzol.
556 2822 597 2854 In
631 2833 692 2855 ora
723 2824 865 2857 littorali
896 2826 1090 2859 ProvInciae

382 2871 498 2903 Terra:
516 2872 671 2917 Laboris,
697 2884 774 2907 cum
789 2881 892 2918 portu
908 2877 1091 2911 celeberri-

1153 1861 1230 1899 put,
1252 1867 1330 1890 cum
1352 1867 1433 1890 arce
1455 1861 1493 1889 et
1516 1859 1631 1899 portu,
1645 1856 1679 1888 in
1697 1866 1758 1889 ora
1771 1856 1861 1897 Tyr-

1153 1907 1252 1940 rheni
1281 1907 1411 1940 maris:
1448 1908 1644 1949 Buxentum,
1674 1906 1864 1946 Polio-«mro,

1151 1958 1291 1991 ibidem.
1862 1972 1865 1973 ⁷

1195 2014 1216 2029 '⁸'
1238 2007 1428 2049 Auximum]
1455 2007 1574 2049 Osimo,
1594 2015 1660 2039 non
1691 2007 1798 2049 Gamo,
1822 2011 1861 2040 ut

1151 2060 1250 2092 multi
1278 2069 1460 2102 perperam
1485 2057 1709 2100 scripserunt.
1753 2057 1862 2091 Paret

1149 2122 1281 2145 summo
1293 2112 1368 2145 Pon
1374 2111 1471 2144 tifici.
1763 2122 1766 2125 ·

1194 2162 1418 2206 ’‘Lupercali]
1442 2149 1556 2195 Locus
1565 2166 1654 2203 erat,
1663 2161 1727 2201 sub
1738 2171 1818 2195 mon
1823 2166 1858 2195 te

1150 2213 1323 2255 Palatino,
1349 2214 1452 2254 Pani,
1469 2212 1631 2246 Arcadiae
1645 2213 1735 2252 Deo,
1749 2222 1860 2246 sacer.

1150 2264 1246 2297 Hinc
1273 2264 1481 2298 Sacerdotes
1515 2262 1621 2296 Panis
1657 2260 1744 2296 dicti
1779 2268 1862 2297 sunt

1150 2315 1315 2357 Luperci.

1191 2370 1206 2392 v
1232 2365 1416 2408 Theatrum]
1450 2364 1661 2407 Lapideum:
1692 2374 1771 2400 cum
1800 2375 1859 2398 an-

1149 2419 1209 2448 tea
1223 2412 1375 2458 theatra,
1402 2425 1502 2458 quem
1529 2415 1711 2448 admodum
1730 2420 1860 2450 secant

1148 2468 1373 2510 temporaria,
1385 2477 1429 2499 ex
1444 2467 1539 2509 ligno
1551 2470 1780 2509 struerentur.

1191 2525 1204 2540 ¹
1225 2517 1445 2560 Demoh'endo]
1464 2518 1614 2562 ‚Mende
1649 2528 1718 2551 non
1755 2522 1855 2551 caret

1146 2570 1202 2603 hic
1216 2570 1325 2603 locus.
1369 2570 1460 2603 Nam
1471 2569 1572 2612 ‚quod
1587 2569 1782 2611 'Boeclerus
1797 2569 1859 2612 ait,

1147 2621 1292 2653 demoliri
1324 2620 1410 2653 sumi
1443 2629 1506 2663 pro
1544 2620 1660 2661 moliri,
1683 2618 1732 2662 'id
1768 2619 1856 2653 dicit

1147 2681 1288 2714 prorsus
1304 2671 1427 2715 gratis,
1442 2681 1519 2704 cum
1535 2671 1609 2704 sine
1625 2671 1727 2704 ullius
1742 2681 1857 2704 exem-

1146 2722 1196 2765 pli
1218 2722 1436 2765 appositione
1459 2721 1567 2754 dicat.
1611 2721 1790 2762 Manutius
1804 2723 1855 2764 lo-¹

1146 2782 1236 2813 cum,
1257 2772 1347 2817 haird
1373 2772 1475 2805 dubie
1502 2775 1716 2814 corruptum,
1734 2773 1855 2814 sicre-

1147 2825 1282 2857 stituit:
1308 2825 1341 2857 in
1362 2825 1525 2857 moliendo.
1570 2823 1745 2857 Adderem
1762 2826 1857 2868 equi-

1146 2875 1238 2918 dem,
1254 2875 1289 2908 in
1304 2885 1338 2908 eo
1353 2874 1540 2918 moliendo,
1555 2875 1593 2907 de
1608 2876 1748 2909 mutatis
1761 2876 1796 2910 in
1808 2885 1856 2917 eo,
