2008 3210
354 252 402 297 lx

399 368 443 398 40
466 365 618 397 libertatis
633 366 695 398 fine
711 367 862 400 mulctata
877 370 972 402 Creta
986 371 1066 414 (ser-

397 409 500 439 vitute
509 409 659 441 mulctata
670 415 718 442 est
733 421 752 442 a
767 413 886 454 populo
898 411 1007 454 Rom.‚
1023 415 1071 445 sui

396 452 477 493 jurIs
505 463 572 484 esse
584 453 694 493 desiit)
721 454 755 492 ii,
771 458 815 488 38
851 456 912 498 (cf.
926 457 961 495 ii,
978 457 1070 499 118).

399 505 514 580 (Digna
532 506 605 581 οὓς)
630 496 774 530 libertate
790 499 952 544 (dicendi)
977 501 1011 539 ii,
1026 503 1068 534 71

416 548 433 569 c
449 559 458 569 .
472 538 506 576 ii,
521 542 564 572 68

359 581 537 614 Libertinus
553 582 642 614 miles
655 585 708 626 (ex
724 584 893 626 libertinis)
916 586 949 624 ii,
964 589 1025 620 111

358 624 552 657 Libertorum
568 637 692 659 suorum
715 628 843 660 libertus
857 629 993 673 (libertis
1007 632 1070 664 suis

402 668 548 700 addictus
563 675 596 701 et
610 670 725 712 cliens)
747 671 781 709 ii,
797 675 840 706 73

358 710 472 743 Libido
488 707 683 755 (impudica)
706 714 739 752 ii,
755 718 809 748 48.
823 718 885 749 100

358 755 514 789 Librarius
529 756 663 799 (scriba)
685 757 720 795 ii,
736 761 778 791 88

358 798 502 830 Licentia
515 799 683 832 immodica
697 802 889 833 crudelitatis
912 803 946 840 ii,
961 805 1003 835 28
1033 804 1071 835 li-

401 842 506 874 centia
531 844 704 885 gladiorum
733 845 852 886 (coedes
882 846 1012 878 licenter
1039 853 1072 879 et

402 886 469 917 sine
494 894 578 918 metu
594 887 703 929 sactae)
727 888 761 926 ii,
777 891 821 921 22
858 899 929 931 quae
944 888 1072 922 licentia

402 929 527 960 aluntur
539 930 617 962 vitia
627 931 805 974 (infraenata
820 931 967 975 libidine)
980 932 1014 971 ii,
1030 937 1073 966 82

403 974 558 1013 peccandi
573 974 701 1006 licentia
712 975 916 1017 (impunitate
931 982 963 1008 et
978 977 1072 1009 nimia

399 1015 564 1059 libertate)
601 1018 787 1050 metiebatur
826 1019 1071 1062 magnitudinem

403 1069 491 1093 suam
514 1060 548 1098 ii,
567 1063 630 1093 100

362 1113 419 1145 pro
434 1102 536 1135 Licito
551 1104 727 1143 vindicans,
744 1105 894 1147 quicquid
908 1105 1018 1138 liberet
1039 1107 1073 1144 ii,

361 1190 459 1223 Limae
473 1190 546 1232 plus
568 1191 657 1241 (plus
672 1191 767 1223 studii
782 1202 876 1233 opera
891 1202 947 1223 sua
961 1203 1074 1236 perpo-

405 1233 519 1277 liendi)
529 1234 563 1265 in
578 1234 640 1265 illis
653 1235 748 1267 fuisse
763 1236 887 1267 videtur
908 1236 941 1273 ii,
957 1239 979 1268 9

363 1277 492 1312 Limites
530 1277 689 1320 (aggeres,
716 1279 830 1320 quibus
860 1278 1073 1311 Romanorum

406 1320 485 1352 fines
499 1326 608 1353 contra
621 1322 766 1354 barbaros
782 1322 1016 1364 muniebantur)
1041 1323 1074 1361 ii,

363 1406 404 1438 ad
433 1407 602 1449 Liquidum
630 1407 688 1451 (ad
714 1408 924 1441 indubitatam
950 1410 1076 1441 certitu·

408 1450 533 1493 dinem)
548 1452 690 1483 nondum
704 1453 856 1494 perducta
870 1463 918 1484 res
939 1453 962 1490 i,
976 1456 1018 1486 16

363 1493 416 1526 Lis
431 1505 503 1526 cnm
518 1494 548 1526 ei
573 1494 639 1527 HS.
659 1506 765 1531 xvnr.
789 1495 925 1527 millibus
943 1496 1077 1528 aestima-

405 1542 490 1569 retur
514 1537 549 1575 ii,
565 1541 586 1570 8

363 1579 476 1615 Literis
491 1581 625 1623 publicis
646 1582 803 1624 descripta
817 1583 952 1623 pecunia
966 1582 1073 1626 (tabu-

405 1623 446 1655 iis
473 1623 647 1665 rationum)
676 1625 710 1662 ii,
727 1628 768 1658 37
807 1625 962 1657 literarum
1001 1637 1075 1658 usus

408 1667 538 1708 (artium
552 1668 762 1710 familiaritas)
785 1669 819 1706 ii,
837 1672 900 1701 110

364 1710 483 1746 Locare
497 1711 619 1742 tabulas
633 1722 671 1745 ac
685 1717 802 1743 statuas
818 1712 850 1743 in
863 1712 987 1748 Italiam
1003 1723 1074 1755 por·

409 1755 520 1786 tandas
531 1754 691 1797 (mercede
706 1760 800 1797 pacta
813 1755 975 1798 addicere)
997 1757 1020 1793 i,
1034 1759 1074 1789 13

365 1796 468 1829 Locus
479 1797 636 1841 (occasio)
647 1798 797 1831 defuisset
809 1799 942 1830 for-tunae
956 1801 1077 1831 destru-

409 1841 483 1872 endi
499 1840 568 1883 ejus
590 1842 625 1879 ii,
639 1844 683 1874 48
721 1843 774 1878 ubi
790 1844 918 1885 negotia
930 1843 1079 1875 fecissent

409 1884 513 1915 locum
542 1885 608 1916 otio
633 1885 683 1926 (n.
699 1890 827 1926 peracta
852 1887 1081 1918 concessissent

410 1926 527 1967 otium)
549 1928 584 1966 ii,
600 1931 662 1960 105
695 1938 755 1960 nec
778 1930 917 1961 secundo
948 1930 1080 1973 (indici)

377 1988 381 1991 -
409 1970 498 2003 locus
512 1971 637 2003 relictus
652 1971 826 2015 (secundus
855 1973 876 2004 i.
902 1974 1080 2006 calamitate

410 2014 480 2056 ipsa
491 2020 664 2058 occupatus
679 2014 750 2058 est)
780 2016 815 2053 ii,
832 2019 895 2048 118
932 2027 1080 2059 magnum

411 2057 492 2089 inter
517 2059 573 2089 hos
601 2058 687 2101 ipsos
709 2059 830 2091 faciens
847 2059 934 2101 operi
961 2071 1019 2092 suo
1034 2061 1079 2092 lo-

412 2111 484 2133 cum
507 2101 619 2145 (opera
639 2103 747 2133 horum
771 2103 917 2145 operibus
941 2104 1080 2146 aequipa-

412 2145 511 2177 tanda
525 2145 639 2187 edens)
661 2145 695 2183 ii,
711 2149 733 2178 9
756 2146 859 2178 locum
880 2147 1010 2179 ministri
1025 2148 1081 2179 ha-

413 2188 482 2220 buit
505 2189 703 2220 mediocritas
729 2195 834 2221 nostra
862 2190 1082 2234 (dignitatem)

411 2231 447 2269 ii,
464 2233 526 2265 111
551 2231 622 2264 loco
637 2237 775 2265 extremo
788 2239 880 2265 natus
902 2234 937 2271 ii,
951 2237 1003 2266 11.
1017 2238 1081 2267 128

413 2274 486 2307 loco
501 2285 637 2308 xxxur.
669 2277 710 2307 ab
724 2276 812 2308 Nino
826 2282 918 2309 natus
945 2277 1083 2321 (tricesi-

414 2329 484 2350 mus
495 2319 604 2351 tertius
618 2330 639 2351 a
651 2318 712 2361 N.)
733 2320 756 2357 i,
767 2323 791 2352 6

371 2361 515 2403 Longum
530 2367 579 2394 est
586 2373 708 2394 narrare
729 2363 764 2400 ii,
778 2366 822 2395 42
835 2363 869 2394 in
882 2364 1009 2405 longum
1021 2364 1080 2396 du-

379 2427 381 2429 ·
412 2405 492 2436 ravit
506 2407 667 2447 pugnandi
680 2407 856 2438 constantia
877 2407 911 2446 ii,
923 2410 965 2439 85

369 2448 480 2491 Longe
493 2454 663 2492 antequam
677 2450 876 2483 dimicaretur
905 2450 940 2488 ii,
953 2453 994 2483 84
1030 2451 1082 2483 hic

413 2492 538 2535 longius
561 2503 581 2524 a
605 2493 794 2536 temporibus
808 2493 881 2525 belli
895 2493 998 2526 Troici
1027 2495 1082 2526 ab·

410 2535 474 2567 fuit
494 2536 504 2567 i
529 2539 549 2568 5

370 2579 474 2621 Loqui
485 2559 543 2621 pio
557 2578 662 2622 aliquo
675 2579 817 2622 (causam
831 2579 924 2622 alicuj
930 2590 964 2612 us
976 2580 1084 2623 agere)

415 2623 436 2654 ii
466 2616 544 2656 109'

372 2646 492 2698 Lucem
515 2664 647 2708 (vitam)
672 2665 824 2701 solicitam
848 2666 977 2709 rapuisti
992 2666 1084 2700 Cice-

416 2709 486 2741 roni
506 2709 600 2747 iimo

374 2751 520 2784 Luctatio
560 2752 745 2796 (certamen,
775 2753 954 2793 contentio)
982 2753 1085 2785 civilis

380 2817 384 2822 -
417 2796 587 2836 pugnantis
601 2806 673 2827 cum
688 2796 812 2829 Caesare
835 2802 961 2829 senatus
983 2807 1084 2839 popu-

419 2837 506 2879 lique
518 2838 561 2869 R.
584 2839 618 2876 ii,
631 2843 693 2872 124

338 2895 345 2902 ·
375 2880 526 2913 Luctatun
554 2892 657 2913 secum
687 2882 863 2925 (dubitans,
892 2883 1084 2926 deliberans)

1016 268 1175 301 anEx

1164 366 1198 409 ii,
1215 375 1269 405 63.
1284 376 1330 406 80
1354 384 1425 407 cum
1441 374 1624 408 difficultate
1640 377 1778 411 locorum
1799 385 1832 410 et

1164 424 1235 446 cum
1271 417 1302 448 vi
1341 417 1476 449 boatium
1508 419 1635 462 (contra
1670 421 1775 465 nisus)
1796 423 1830 459 ii.

1119 461 1358 534 adlliagdibrium
1374 502 1506 536 Antonii
1526 505 1678 549 (ludibrio
1695 506 1833 551 haben.)
1845 521 1864 537 t

1164 545 1328 577 moriturus
1350 546 1384 584 ii,
1397 550 1417 579 ⁷
1421 550 1438 580 1

1119 587 1288 620 Ludicrum
1327 595 1484 623 certarnen
1513 591 1553 623 Ol
1581 593 1733 635 mpiorum
1770 595 1793 632 i,
1810 597 1831 627 8

1162 632 1348 664 athletarum
1364 635 1540 666 certaniinis
1563 636 1704 668 udicrum
1718 637 1752 674 ii,
1768 640 1832 671 123

1119 674 1228 725 Ludus
1242 675 1445 718 gladiatorius
1467 678 1500 716 ii,
1518 681 1561 711 80
1591 678 1650 723 (cf.
1665 679 1833 713 Gladiato-

1121 716 1385 794 Lurga)imfimit
1405 763 1428 801 i,
1442 765 1463 796 8
1485 763 1588 796 faeere
1610 765 1632 803 i,
1645 767 1678 798 Β.
1691 765 1786 805 ἰί,”70

1121 804 1221 836 Luere
1244 805 1367 837 meritas
1393 816 1502 848 poenas
1523 808 1646 850 utrique
1666 809 1833 852 imperato-

1164 858 1230 879 rum
1258 848 1310 892 (in
1331 849 1501 882 vindictam
1524 850 1706 896 utriusque)
1741 852 1832 890 risu

1166 891 1322 933 publicam
1339 893 1539 926 violationem
1551 894 1625 926 fidei
1639 905 1704 926 non
1718 887 1834 930 debere

1122 935 1258 1009 effi?
1268 935 1412 1010 ὶῗᾷἕὲἑρ
1414 936 1663 1012 ³ffm⁵⁸¹1¹ss⁰³¹¹²÷
1676 938 1834 1015 {kl-,um

1164 1021 1328 1063 (princeps
1352 1022 1431 1074 alter
1457 991 1764 1079 infractuffeiflbus)
1801 1027 1835 1064 ii.

1124 1064 1363 1159 Lutetia?
1373 1068 1702 1153 52:1222222202232
1717 1111 1836 1155 Lupa.

1123 1151 1506 1237 Lusslligpltiirgffhalicae
1521 1197 1676 1230 libertatis
1690 1197 1726 1236 ii.
1741 1200 1784 1232 27
1798 1198 1837 1242 (i.

1166 1248 1199 1269 e.
1211 1237 1360 1276 Romani,
1376 1250 1431 1281 per
1445 1241 1620 1272 convicium
1632 1239 1728 1284 dieti)

1125 1280 1261 1313 Luxuria
1283 1282 1410 1324 profusa
1426 1284 1458 1314 in
1475 1284 1626 1322 aedificiis,
1641 1284 1838 1318 convictibus

1167 1330 1200 1356 et
1213 1326 1413 1367 apparatibus
1444 1327 1479 1364 ii,
1492 1330 1535 1359 33
1567 1328 1653 1370 quod
1667 1328 1773 1360 facere
1783 1333 1839 1361 aut

1167 1368 1234 1409 pati
1269 1369 1400 1410 turpiter
1430 1375 1535 1412 posset
1564 1371 1691 1404 foemina
1718 1371 1838 1403 luxuria

1167 1411 1243 1462 (per
1263 1411 1425 1451 luxuriam,
1453 1414 1474 1445 i.
1486 1425 1515 1445 e.
1531 1413 1838 1457 vitandissolutam)

1125 1457 1319 1574 Ιιιξιὲιέἰῖξυε
1335 1498 1530 1542 (sumtuosus
1545 1506 1577 1533 et
1591 1491 1781 1544 dissolutus)
1804 1501 1838 1538 ii,

1464 1667 1515 1703 M.

1127 1756 1289 1789 Macerata
1313 1768 1385 1800 pars
1412 1757 1565 1790 exercitus
1590 1758 1663 1802 (scl-
1689 1758 1787 1801 fame)
1807 1760 1842 1798 ii⁸

1129 1842 1222 1885 Magi
1234 1843 1414 1886 (divinandi
1429 1845 1502 1875 artis
1516 1844 1626 1888 periti)
1639 1855 1658 1877 e
1672 1846 1756 1877 notis
1773 1856 1840 1878 cor—

1174 1887 1259 1928 poris
1273 1889 1467 1931 respondent
1491 1888 1526 1925 ii,
1541 1891 1586 1921 24

1131 1929 1238 1972 Magis
1252 1930 1325 1972 (pro
1340 1931 1464 1974 potius)
1487 1931 1509 1968 ἰ,
1526 1935 1564 1964 11

1131 1972 1306 2015 Magnifica
1325 1975 1433 2016 praelia
1458 1975 1609 2018 (illustres
1631 1975 1787 2016 victoriae)
1809 1975 1842 2012 ii.

1175 2019 1218 2050 28
1255 2018 1453 2060 magnificum
1491 2018 1586 2049 animi
1616 2023 1841 2061 temperamen-

1176 2064 1242 2090 tum
1255 2061 1434 2103 (magnum)
1458 2062 1492 2099 ii,
1507 2065 1571 2094 130

1132 2103 1307 2145 Magnifice
1330 2110 1445 2136 conata
1468 2110 1618 2138 executus
1643 2104 1845 2147 (fortissime)

1174 2146 1209 2184 ii,
1225 2150 1268 2180 29

1133 2189 1373 2232 Maguificentia
1397 2189 1580 2235 (splendor)
1606 2190 1843 2231 triumphorum,

1177 2244 1340 2269 munerum
1374 2234 1408 2272 ii,
1423 2237 1466 2266 89
1502 2233 1668 2276 (splendor
1693 2233 1844 2265 aedificio-

1178 2288 1245 2308 rum
1261 2276 1455 2319 sumtuosus)
1477 2277 1500 2314 i,
1514 2279 1564 2308 11.
1580 2277 1613 2314 ii,
1630 2279 1647 2308 1

1134 2320 1392 2362 Magnificentius
1411 2320 1489 2350 nihil
1504 2319 1557 2350 illa
1572 2319 1701 2351 victoria
1728 2319 1790 2350 fuit
1812 2320 1846 2356 ii,

1177 2367 1220 2396 52
1249 2363 1574 2405 magnificentissimus
1603 2363 1779 2405 triumphus
1812 2363 1847 2400 ii,

1177 2410 1231 2440 40.
1260 2409 1322 2439 120
1358 2406 1697 2448 magnificentissimum
1734 2414 1848 2437 munus

1177 2450 1333 2481 aedilitatis
1354 2449 1388 2488 ii,
1403 2453 1446 2482 93
1462 2449 1520 2493 (ct'.
1534 2449 1568 2487 ii,
1583 2453 1636 2484 56.
1652 2448 1744 2491 100).
1762 2454 1849 2492 mag-

1176 2492 1426 2525 nificentissimas
1441 2503 1487 2524 res
1503 2493 1599 2535 gessit
1624 2493 1658 2531 ii,
1674 2495 1719 2526 20

1137 2536 1329 2579 Magnitudo
1346 2537 1448 2579 operis
1463 2535 1676 2579 (amplitudo)
1698 2536 1720 2573 i,
1731 2540 1751 2567 ὅ
1774 2535 1825 2567 sic
1839 2547 1846 2565 :

1177 2581 1406 2622 cogitationum
1428 2580 1462 2617 ii,
1478 2583 1518 2612 41
1558 2579 1705 2622 Pompeii
1720 2580 1775 2621 (ex
1791 2579 1849 2609 ho-

1178 2623 1316 2661 noribus,
1340 2624 1477 2666 imperiis
1491 2622 1740 2654 extraordinariis
1754 2626 1788 2654 et
1801 2630 1847 2652 τε,

1178 2677 1245 2698 rum
1276 2671 1430 2709 gestarum
1474 2665 1590 2708 gloria)
1625 2666 1660 2704 ii,
1702 2668 1757 2699 2⁹·
1794 2667 1850 2696 48.

1177 2710 1262 2741 Talis
1277 2715 1310 2742 et
1325 2710 1461 2752 Augusti
1484 2710 1518 2747 ii,
1531 2712 1576 2742 36

1136 2753 1275 2796 Magnus
1285 2754 1360 2796 (pro
1375 2752 1548 2794 Pompeio)
1569 2753 1602 2791 ii,
1614 2754 1668 2784 ·u.
1683 2753 1726 2783 47
1763 2760 1849 2792 mag-

1180 2808 1255 2828 num
1271 2803 1304 2828 et
1324 2801 1411 2828 atrox
1438 2797 1578 2838 praelium
1610 2796 1644 2832 ii,
1659 2797 1698 2826 21
1735 2803 1791 2825 suo
1817 2799 1850 2825 et

1180 2841 1292 2872 civium
1310 2845 1383 2871 voto
1395 2840 1496 2881 major
1515 2840 1548 2876 ii,
1560 2841 1605 2871 40
1640 2837 1765 2869 bomine
1782 2847 1848 2868 mn-

1175 2883 1226 2924 jor
1237 2884 1468 2915 existimabatur
1490 2882 1522 2920 ii,
1538 2885 1577 2914 31
1603 2880 1750 2922 majorem
1767 2881 1845 2923 (ΐοι-
