2002 3250
578 250 644 291 mi
677 250 858 288 opulus
890 251 1100 283 vnnnnn
1133 251 1341 285 mnomr.
1648 244 1709 288 25

219 347 416 396 dictione
435 347 533 403 ejus
553 360 654 390 cum
675 347 944 404 optimorum
974 348 1244 404 scriptorum
1276 351 1495 407 exemplis
1523 356 1710 408 compa·

223 422 334 471 rata,
354 419 487 462 facile
505 418 766 461 refutantur.
826 417 924 460 Alii
946 423 1118 471 contra,
1150 419 1273 474 iique
1291 420 1526 475 elegantiae
1557 421 1711 465 arbitri

223 487 583 544 locupletissimi,
604 491 653 530 ut
673 488 728 530 B.
761 487 1027 540 Rhenanus,
1054 488 1115 531 G.
1136 489 1175 531 I.
1198 488 1394 532 Vossius
1415 496 1459 532 et
1487 488 1710 542 Muretus,

223 555 446 600 Velleium
476 560 490 579 ‘
506 557 618 600 nulli
634 557 746 600 inter
765 557 951 601 Latinos
973 558 1232 611 secundum,
1255 562 1433 602 castum
1448 572 1502 601 ac
1519 559 1712 602 nitidum

222 626 267 668 in
289 626 504 680 dicendo;
537 626 776 670 dictionem
803 628 899 684 ejus
926 628 1057 684 plane
1089 627 1342 671 Romanam
1371 632 1506 684 atque
1539 629 1713 684 elegan-

222 697 330 749 tem3
360 694 594 738 historiam
611 696 669 738 ab
690 709 744 738 eo
765 699 879 738 terse
895 696 1100 751 inprimis
1126 701 1261 752 atque
1276 698 1498 752 eleganter
1516 710 1617 740 esse
1633 711 1714 741 ex-

223 763 459 818 plicatam’
483 763 772 819 judicarunt3
803 765 963 820 quibus
979 765 1249 820 astipulatur
1269 766 1582 810 Ruhnkenius.

295 831 539 885 Quodnam
569 834 770 890 priorum
804 834 1122 877 historicorum
1158 836 1421 891 exemplum
1461 837 1714 892 exprimere

225 902 443 946 studuerit
463 902 646 955 Noster,
677 903 797 946 idem
828 902 1122 946 Ruhnkenius
1155 905 1202 946 in
1233 905 1361 961 praef.
1394 906 1480 948 sub
1509 905 1585 948 fin.
1618 908 1713 962 pri-

223 985 320 1015 mus
340 972 575 1015 verissime
592 973 866 1016 observavit.
925 972 1118 1016 Etiamsi
1138 974 1255 1016 enim
1275 974 1507 1029 ingenium
1515 974 1715 1020 habebat

224 1041 493 1096 optimorum
523 1045 759 1084 auctorum
794 1041 1018 1096 elegantia
1048 1043 1278 1094 nutritum,
1325 1047 1374 1086 ut
1411 1043 1526 1086 adeo
1558 1057 1715 1088 eorum

223 1110 483 1162 sententiaS‚
518 1111 715 1154 colorem
751 1114 882 1166 atque
917 1114 1122 1154 omatum
1153 1125 1475 1167 nonnunquam
1505 1112 1598 1156 fere
1631 1127 1714 1157 ex-

224 1179 463 1234 presserit;
495 1182 659 1231 tamen,
682 1179 862 1222 deserto
875 1179 1012 1222 Livio
1034 1180 1419 1235 eloquentissimo,
1438 1181 1513 1224 cui
1525 1180 1716 1226 forsitan

224 1248 400 1290 novitas
423 1261 507 1290 sua
526 1248 717 1300 obstitit,
738 1247 947 1290 Sallustii
969 1248 1252 1291 aemulationi
1272 1249 1517 1302 studuisse,
1532 1251 1591 1292 ab
1610 1251 1714 1304 hoc,

225 1320 274 1359 ut
305 1315 565 1359 Ruhnkenii
594 1317 744 1360 verbis
773 1321 890 1369 utar,
914 1317 1154 1360 artificium
1183 1317 1351 1361 indolis
1385 1317 1601 1362 humanae
1634 1319 1714 1362 de-

225 1385 470 1430 scribendae
500 1386 728 1438 didicisse,
746 1386 880 1443 huJus
899 1387 1152 1430 imitatione
1172 1385 1404 1430 efficacem
1425 1401 1527 1430 esse
1554 1391 1598 1431 et
1612 1389 1715 1432 bre-

225 1453 362 1497 vitate
401 1464 652 1508 nervosum,
691 1456 750 1499 ab
786 1455 874 1499 hoc
905 1455 1098 1512 denique
1130 1459 1274 1499 totum
1304 1456 1498 1512 pendere
1529 1470 1633 1500 cum
1667 1458 1716 1501 in

224 1523 391 1576 verbiS,
412 1528 507 1566 tum
528 1525 574 1567 in
599 1525 811 1568 orationis
833 1527 1069 1576 structura,
1083 1528 1152 1567 est
1170 1525 1477 1568 manifestum.
1538 1526 1716 1569 Sallus-

224 1592 316 1634 tius
343 1594 460 1635 enim
496 1594 706 1636 omnibus
724 1593 1017 1637 historiarum
1037 1594 1330 1651 scriptoribus
1350 1594 1453 1637 inde
1483 1596 1542 1638 ab
1562 1593 1714 1639 Arun-

225 1661 305 1712 tio,
339 1660 530 1718 Augusti
551 1663 732 1719 aequali,
757 1663 980 1719 scriptore
1007 1664 1120 1707 belli
1142 1663 1308 1707 Punici
1336 1664 1589 1721 deperdito,
1618 1668 1714 1708 tam

225 1730 336 1773 mire
356 1731 543 1786 placuit,
580 1737 649 1784 ut,
684 1733 732 1775 in
763 1744 869 1788 quae
901 1732 977 1776 hic
1010 1734 1129 1776 ultro
1165 1733 1401 1785 inciderat,
1434 1733 1636 1777 studiose
1667 1738 1715 1777 et

227 1806 388 1855 temere
410 1805 671 1856 quaererent,
701 1805 749 1843 et
769 1804 1029 1856 amputatas
1050 1802 1314 1854 sententias,
1339 1802 1478 1844 verba
1498 1806 1602 1845 ante
1631 1815 1719 1849 ex-

222 1872 448 1925 pectatum
469 1870 678 1913 cadentia
698 1874 743 1914 et
763 1871 1003 1914 obscuram
1032 1871 1302 1914 brevitatem
1322 1884 1407 1927 pro
1435 1871 1557 1914 cultu
1575 1871 1714 1914 habe-

225 1944 334 1981 rent.
364 1938 425 1982 V.
448 1939 606 1982 Senec.
638 1940 728 1996 Ep.
750 1940 854 1983 114.
917 1940 989 1983 Ex
1010 1940 1082 1984 his
1103 1940 1308 1984 Sallustii
1329 1939 1506 1983 aemulis
1525 1940 1715 1984 forsitan

225 2012 270 2051 et
300 2008 478 2064 Trogus
511 2009 759 2065 Pompeius
778 2008 878 2061 fuit,
909 2023 1044 2065 quem
1075 2011 1394 2054 sententiarum
1414 2013 1459 2052 et
1476 2009 1714 2053 brevitatis

227 2077 425 2120 studium
464 2078 521 2120 ad
556 2078 742 2120 nimium
776 2079 1031 2122 acuminum
1072 2079 1434 2135 argutiarumque
1468 2079 1716 2134 aucupium

227 2145 427 2198 abduxit,
449 2147 525 2202 qui
547 2147 667 2194 istud
690 2158 845 2201 genus,
875 2146 1144 2189 Ruhnkenio
1170 2147 1343 2203 judice,
1366 2151 1417 2189 ut
1445 2145 1644 2190 Ovidius.
1665 2147 1715 2190 in

225 2214 423 2270 ligatam,
445 2215 510 2257 ita
528 2215 576 2258 in
597 2228 783 2270 prosam
814 2216 1057 2258 orationem
1076 2215 1266 2268 invexit,
1299 2218 1344 2258 et
1369 2214 1547 2259 Velleio
1578 2216 1625 2258 in
1656 2228 1714 2259 eo

226 2295 402 2338 quoque
423 2282 513 2326 dux
535 2283 625 2326 fuit
644 2286 778 2339 atque
794 2284 1070 2339 exemplum.

283 2351 557 2395 Addendum
592 2365 772 2409 quoque
804 2357 874 2394 est
896 2352 1071 2408 aliquid
1108 2352 1166 2395 de
1203 2351 1496 2406 chronologia
1527 2350 1712 2406 Velleii,

227 2420 411 2477 eiusque
431 2427 636 2478 tempora
655 2435 800 2465 rerum
829 2422 1012 2466 notandi
1037 2421 1201 2465 studio.
1261 2421 1456 2465 Etiamsi
1475 2421 1596 2464 enim
1617 2435 1714 2465 ora-

226 2490 355 2533 toriis
389 2492 601 2534 sensibus
637 2495 681 2534 et
710 2491 866 2534 diserti
896 2484 988 2534 oris
1018 2504 1128 2533 sono
1160 2490 1453 2534 concinnavit
1480 2490 1715 2534 historiam

229 2572 357 2602 suam
372 2561 625 2616 praecisam,
645 2564 791 2605 tamen
813 2561 1138 2617 cujuscumque
1157 2560 1286 2612 facti,
1318 2560 1392 2603 vel
1413 2559 1529 2616 eJus,
1554 2560 1603 2603 in
1622 2572 1714 2616 quo

227 2641 374 2677 rerum
387 2642 558 2673 summa
579 2631 853 2682 vertebatur,
872 2630 960 2681 vel,
983 2629 1104 2686 quod
1124 2629 1361 2685 praecipua
1376 2629 1598 2672 memoria
1617 2628 1716 2683 dig-

226 2710 335 2740 num
364 2698 579 2750 habebat,
631 2712 789 2751 annos,
838 2691 1072 2743 erudiendi
1104 2699 1297 2742 lectores
1331 2711 1485 2750 causa,
1526 2696 1714 2754 adjecit.

231 2764 338 2818 Quo
358 2766 406 2810 in
424 2769 602 2823 negotio
618 2768 850 2822 VarroniS‚
873 2769 1154 2825 antiquitatis
1174 2769 1482 2814 Romanorum
1506 2766 1716 2812 doctissi-

229 2834 307 2889 mi,
337 2847 474 2887 aeram
493 2840 695 2882 secutum
714 2850 832 2892 esse,
856 2840 983 2895 patet
1010 2850 1071 2885 ex
1103 2849 1137 2882 1.
1156 2836 1202 2881 8.
1262 2835 1370 2889 Sed,
1400 2839 1454 2880 ut
1486 2834 1616 2880 decet
1643 2833 1713 2880 di-
