2002 3250
577 271 829 308 rusroRJAE
863 275 1089 308 ROMANAE
1124 275 1221 308 mn.
1256 275 1307 308 11.
1337 265 1410 309 20.
1645 265 1730 309 1⁴01

245 387 349 428 cus,
366 374 547 418 natione
568 372 837 425 GermanuS,
855 373 938 429 qui
967 374 1080 416 forte
1110 374 1168 416 ab
1203 373 1474 428 imperatore
1507 385 1578 425 eo,
1612 373 1733 417 bello

249 444 473 488 Cimbrico
492 446 654 498 captus
686 445 795 493 erat,
824 446 874 485 ut
908 443 1093 497 agnovit
1126 441 1337 493 Marium,
1371 455 1538 497 magno
1566 442 1734 498 ejulatu

246 515 554 570 'expromente2
575 511 924 566 indignationem
944 525 1077 555 casus
1103 513 1212 555 tanti
1234 513 1333 564 viri,
1355 512 1539 568 abjecto
1561 512 1732 567 gladio,

244 581 444 639 profugit
463 596 488 625 e
509 582 719 624 carcere!
778 580 896 623 Tum
927 581 1066 632 cives,
1100 581 1157 623 ab
1192 580 1322 624 hoste
1354 581 1555 623 misereri
1588 582 1731 636 paulo

244 654 348 694 ante
366 650 583 707 principis
600 649 689 692 viri
707 649 863 701 docti,e
892 649 1158 692 instructum
1192 663 1294 693 eum
1325 650 1530 701 viaticof·
1549 651 1733 693 collata-

245 733 331 776 que
350 723 494 772 veste,
513 719 560 762 in
588 731 749 763 navem
779 719 1103 774 imposuerunt.
1165 717 1230 762 At
1247 719 1338 771 ille,
1356 723 1588 762 assecutus
1608 719 1733 766 circa

245 786 522 832 AEnariam³²³
551 788 707 840 filium,
744 801 918 831 cursum
950 788 997 831 in
1029 787 1232 830 Africam
1261 787 1441 840 direxit,
1462 787 1731 844 inopemque

242 858 382 901 vitam
402 859 450 900 in
469 858 644 913 tugurio
679 858 902 900 ruinarum
925 856 1344 912 Carthaginensium
1362 857 1573 899 toleravit
1586 862 1610 899 ι’
1626 869 1731 899 cum

243 926 454 979 Marius}
473 928 704 983 aspiciens
725 926 1055 982 Carthaginem,
1074 927 1152 970 illa
1181 927 1359 970 intuens
1391 926 1603 978 Marium,
1621 925 1733 969 alter

243 996 371 1039 alteri
389 1000 573 1052 possent
591 1010 693 1040 esse
713 997 888 1041 solatio.
1553 1011 1556 1013 ·

302 1065 376 1108 20.
406 1064 516 1109 Hoc
537 1066 729 1122 primum
750 1080 865 1110 anno
886 1067 1105 1122 sanguine
1132 1066 1333 1110 consulis
1355 1065 1552 1108 Romani
1571 1065 1733 1108 militis

242 1134 598 1180 imbutae‘manus
613 1136 778 1179 suntss
809 1136 994 1193 Quippe
1011 1135 1091 1188 Q.⁵
1103 1133 1560 1192 Pompeius,fcollega
1577 1134 1732 1190 Syllae,

243 1203 303 1246 ab
324 1203 545 1247 exercitn⁶
565 1204 651 1247 Cn.
671 1205 884 1261 Pompeii
914 1205 1213 1261 proconsulis,
1234 1204 1470 1254 seditione,
1494 1203 1574 1245 sed
1595 1217 1733 1259 quam

236 1274 337 1318 dux
354 1275 668 1329 excitaverat‚⁷
689 1275 945 1318 interfectus
973 1279 1055 1318 est.
1087 1275 1168 1331 [U.
1189 1289 1230 1318 c.
1251 1275 1354 1318 667.
1378 1287 1420 1317 a.
1443 1273 1547 1316 Chr.
1569 1286 1614 1315 n.
1636 1271 1736 1329 86]

244 1342 354 1386 Non
371 1347 465 1387 erat
485 1343 649 1397 Mario,
671 1344 894 1400 sulpicio⁸
916 1343 1058 1387 Cinna
1077 1344 1381 1401 temperatior.
1424 1343 1604 1398 Itaque,
1625 1353 1731 1384 cum

240 1411 307 1455 ita
327 1413 486 1456 civitas
505 1413 651 1457 Italiae
669 1413 778 1457 data
797 1403 933 1467 esset,
952 1415 1070 1457 utin
1100 1417 1204 1457 octo
1233 1414 1376 1457 tribus
1397 1412 1732 1455 contribueren-

241 1484 311 1524 tur
342 1482 449 1526 novi
480 1482 629 1536 cives3
659 1495 716 1525 ne
750 1482 954 1538 potentia
991 1496 1146 1526 eorum
1182 1486 1228 1526 et
1258 1480 1500 1524 multitudo
1528 1483 1731 1522 veterum

243 1550 412 1594 civium
449 1551 710 1607 dignitatem
747 1552 982 1608 frangeret,
1022 1553 1218 1609 plusque
1250 1553 1436 1608 possent
1472 1549 1645 1606 recepti
1682 1547 1732 1590 in

288 1661 302 1683 ⁶
327 1661 418 1699 Qui·
405 1673 442 1694 ιη
456 1662 535 1695 bello
552 1663 752 1697 Cimbrorum
771 1664 862 1706 forte
876 1668 990 1707 captus
1008 1664 1122 1704 suerat
1141 1664 1181 1697 ab
1203 1674 1252 1705 eo,
1266 1673 1336 1696 cum
1361 1665 1442 1696 esset
1460 1663 1529 1695 dux
1551 1660 1730 1695 exercitus

245 1706 406 1748 Romani,
420 1706 532 1740 statim
543 1710 636 1749 atque
650 1708 782 1759 agnovit
795 1709 954 1748 Marium,
966 1708 1086 1749 aln‘ecto
1098 1718 1182 1750 ense,
1192 1707 1348 1758 proflagit·
1355 1717 1373 1739 e
1387 1716 1524 1748 carcere,
1535 1714 1732 1747 cummagno

244 1749 424 1792 ejulatione,
437 1760 508 1792 quoe
522 1750 685 1783 indicabat
700 1751 766 1793 eius
778 1751 1032 1803 indignationem
1047 1751 1085 1784 ob
1095 1762 1200 1784 casum
1215 1752 1301 1784 tanti
1315 1751 1389 1783 viri.

325 1793 404 1826 Tum
417 1794 511 1835 cives,
531 1794 586 1836 qai
609 1794 648 1826 ab
670 1796 759 1828 hoste
780 1796 958 1828 didicerant
972 1796 1170 1829 miserescere
1191 1794 1338 1837 hominis,
1349 1795 1404 1836 qm·
1415 1794 1511 1836 paulo
1522 1796 1597 1826 ante
1608 1792 1732 1836 primus

232 1835 346 1874 suerat
362 1836 580 1879 reipublicae,
596 1840 664 1871 διο.

285 1878 304 1902 ⁶¹
326 1880 400 1914 Hoc
414 1890 495 1914 anno
508 1891 619 1915 manus
633 1882 772 1915 militum
780 1882 918 1926 primam
932 1882 1043 1916 tinctoe
1053 1885 1126 1915 sunt
1137 1892 1247 1915 cruore
1257 1881 1392 1915 consulis
1406 1881 1556 1915 Romani.

863 1980 881 1993 O

245 2043 299 2076 ΙΙ.
315 2043 401 2076 viri.-
434 2043 528 2086 Lips.
552 2043 678 2077 maluit
699 2045 919 2078 duumvirum.-
953 2046 1097 2079 Gruter.
1112 2045 1313 2079 duumvir-ali.
1315 2049 1381 2078 —2
1404 2044 1493 2078 cod.
1516 2055 1560 2077 m.
1577 2053 1605 2077 e.
1619 2053 1734 2085 expro-

244 2087 364 2120 menti.-
386 2087 452 2120 Ed.
468 2097 522 2129 pr.
537 2098 608 2120 cum
620 2099 777 2130 magnoe.
793 2090 1008 2131 expromenti:
1032 2089 1098 2121 Ed.
1114 2089 1222 2122 Basil.
1244 2100 1360 2131 magno
1374 2098 1487 2121 came.
1503 2088 1734 2130 “prodentem

244 2130 518 2171 indignatwnem:
540 2131 608 2164 Ed.
613 2131 768 2182 ‘Biponn
786 2137 928 2165 secutus
944 2133 1134 2165 Burmann.
1159 2133 1365 2174 exprimente.
1368 2135 1433 2164 -3
1457 2131 1524 2164 Ed.
1540 2141 1593 2173 pr.
1625 2131 1736 2163 Toena

245 2173 350 2207 riam:
376 2174 520 2208 Gruter.
543 2175 635 2218 conj.
658 2176 791 2209 circaI.
817 2177 860 2216 (s.
876 2175 1055 2219 insnlam‚)
1081 2175 1260 2209 AEnariam.
1261 2179 1326 2209 -4
1361 2176 1443 2208 Sunt
1471 2174 1571 2207 deest
1599 2174 1634 2206 iu
1665 2172 1733 2206 Ed.

244 2226 299 2292 pr.
291 2221 364 2252 .—6
391 2218 434 2256 Q.
448 2218 586 2252 addidit
601 2219 725 2252 Heius.
743 2219 836 2263 quod
852 2219 977 2253 deest
968 2230 1003 2252 m
1020 2220 1108 2254 Cod.
1124 2224 1162 2254 et
1175 2219 1281 2261 Ed.p

262 2264 336 2294 orte
350 2262 516 2304 elapsum.
517 2265 584 2295 -6
606 2262 670 2295 Ed.
687 2273 740 2306 pr.
756 2264 1062 2298 mexercitum—⁷
1087 2263 1175 2297 Cod.
1191 2267 1229 2296 et
1245 2263 1312 2296 Ed.
1330 2274 1382 2306 pr.
1405 2265 1583 2296 creavarat.
1606 2261 1732 2294 Burer.

245 2305 442 2338 excitaverat
453 2307 508 2339 vel
525 2306 685 2340 exciverat
702 2307 872 2349 probante
886 2307 1071 2341 Ruhnken.
1085 2311 1122 2341 et
1132 2307 1258 2341 Heius.
1261 2310 1327 2340 —8
1350 2306 1507 2341 Rhenan.
1520 2305 1734 2348 Sulpicioque.

1284 2223 1421 2262 r..post
1438 2218 1590 2262 praeced.
1608 2217 1734 2260 Quippe

916 2409 1060 2443 No'rAE

285 2489 300 2506 ⁰
328 2483 467 2526 Viatico]
492 2483 535 2517 Id
561 2489 627 2527 est,
647 2485 798 2528 pecunia
819 2484 863 2518 ad
890 2485 959 2518 iter

241 2534 453 2568 faciendum.

250 2608 253 2613 -
285 2586 301 2609 ‘¹
322 2587 508 2630 AEnariam]
531 2588 652 2621 Insula
675 2588 876 2633 Campania
892 2593 959 2631 est,

240 2638 346 2681 vulgo
361 2639 479 2673 Iunia.
525 2639 646 2673 Habet
661 2650 779 2674 arcem
805 2641 961 2674 munitis·

241 2688 375 2733 simam,
388 2699 466 2724 cum
483 2691 614 2724 arcein
625 2692 779 2734 scopulo,
793 2692 836 2725 ab
848 2692 959 2725 insula

242 2741 342 2784 quasi
378 2742 547 2784 sejuncto.
593 2742 665 2776 Ubi
702 2743 786 2776 alias
825 2743 957 2786 asylum

243 2791 454 2826 Perdiuaudi
480 2794 571 2836 regis
603 2794 844 2837 Neapolitani,
869 2799 956 2828 tem-

243 2852 329 2886 pore
354 2845 470 2878 Caroli
488 2845 595 2880 VIII.
617 2846 828 2879 Francorum
856 2846 957 2889 regis,

244 2890 431 2939 quitatum
445 2896 522 2939 ejus
546 2906 694 2940 regnum
713 2897 807 2934 intra
829 2908 960 2942 paucos

1012 2484 1088 2517 dies
1103 2487 1260 2527 ceperat.

1056 2540 1071 2558 θ
1095 2537 1178 2568 Cum
1202 2535 1343 2577 Marius,
1365 2535 1438 2578 ssa]
1475 2533 1636 2568 Exscribi
1661 2533 1735 2576 dig.

1013 2598 1096 2621 num
1108 2592 1165 2622 est
1180 2588 1224 2620 ad
1240 2588 1331 2621 huuc
1345 2588 1462 2620 locum
1474 2586 1607 2619 Lucani
1623 2584 1708 2617 illud
1721 2594 1733 2618 τ

1013 2639 1169 2672 ‘Solatia
1206 2637 1271 2672 fati
1312 2638 1489 2680 Carthago
1528 2637 1733 2679 Mariusque

1015 2690 1108 2733 tulit,
1137 2690 1340 2733 pariterque
1361 2690 1522 2732 Jacentes
1558 2687 1733 2730 Ignovere

1016 2742 1126 2776 Deis!

1055 2792 1068 2815 ¹
1089 2795 1214 2836 Quippe
1236 2794 1280 2831 Q.
1306 2791 1493 2835 Pompeius]
1518 2788 1734 2834 cognomine

1013 2845 1155 2886 Strabo,
1182 2844 1241 2886 qui
1267 2854 1358 2877 anuo
1388 2843 1568 2887 superiore
1598 2842 1734 2887 collega

1015 2897 1121 2944 syuae
1137 2895 1266 2938 fuerat.
