2002 3250
302 291 370 335 Υ32
852 299 1246 335 PnonnooMENA.

310 402 516 446 effectum
530 404 614 454 est,
635 404 688 444 ut
706 401 844 448 multa
863 413 917 443 os
940 400 1236 443 adulatorium
1256 399 1477 450 resonent,
1510 396 1705 454 quibus,
1720 411 1792 449 on-

309 475 421 516 natu
440 470 657 522 detracto,
677 471 740 513 nil
757 470 846 513 nisi
868 484 989 512 mera
1008 470 1174 513 veritas
1192 468 1351 511 subsit.
1770 504 1777 519 ξ

371 540 564 597 Neque'
553 554 600 583 ln
618 541 775 583 vitium
796 540 907 582 verti
923 544 1075 595 potest
1089 538 1282 589 Velleio,
1301 536 1454 593 quod
1441 550 1490 579 m
1502 535 1675 580 Tiberii
1694 548 1795 592 graf-

314 610 424 654 tiam
438 610 562 666 justo
582 610 778 665 iniquior
807 621 910 651 esse
931 608 1134 650 videatur
1154 621 1258 663 erga
1277 610 1454 650 exteros
1465 607 1637 658 hostes,
1658 606 1797 662 inpri-

313 679 401 723 mis
420 692 523 735 erga
550 678 806 722 Germaniae
827 679 1038 734 popu108‚
1077 691 1104 719 a
1133 676 1317 719 Tiberio
1348 677 1608 728 debellatos,
1638 676 1718 730 ita,
1747 679 1797 724 ut

314 761 410 799 eos,
447 749 526 803 qui
560 760 785 802 nunquam
816 746 1036 789 Romanis
1058 746 1323 798 obedierint,
1355 746 1492 788 armis
1527 746 1691 801 captis,
1706 757 1797 787 «.re-

314 817 456 860 belles
477 817 617 868 dicat,
639 816 823 859 eosdem
844 817 1102 872 perterritos
1123 820 1311 868 tantum,
1347 815 1556 871 repulsos
1588 817 1632 858 et
1664 814 1798 857 dissi-

315 889 465 942 patoS,
485 899 565 942 pro
583 885 742 928 fractis
761 886 960 941 penituS,
991 886 1138 937 Victis,
1170 890 1304 942 atque
1324 885 1486 928 deditis
1502 886 1681 938 habeat,
1703 897 1799 928 om·-

316 955 512 1010 ninoque
533 968 687 997 eorum
715 954 869 997 decori
904 955 1093 997 multum
1113 955 1327 998 detrahat.
1390 954 1497 998 Hoc
1532 967 1644 998 sane
1677 966 1798 996 arro-

317 1024 477 1078 gantiae
510 1023 734 1066 Romanae
772 1027 855 1074 est,
890 1035 980 1078 qua
1010 1036 1163 1065 omnes
1199 1023 1442 1078 scriptores
1471 1022 1609 1078 hujus
1640 1021 1802 1078 populi

316 1093 536 1136 laborant.

378 1161 495 1212 Quae
518 1161 671 1204 omnia
688 1175 788 1203 cum
806 1161 868 1203 ita
881 1161 983 1213 sint,
1000 1161 1176 1203 animus
1195 1164 1239 1203 et
1253 1160 1463 1203 voluntas
1478 1159 1578 1216 ejus
1598 1158 1803 1216 profecto

319 1229 536 1272 adulandi
556 1231 668 1272 vitio
697 1231 759 1272 ita
779 1235 1023 1286 corruptus
1042 1243 1130 1272 non
1149 1230 1248 1281 fuit,
1276 1233 1328 1271 ut
1348 1232 1539 1272 exueret
1557 1228 1706 1271 subito
1724 1240 1802 1272 ve-

319 1299 467 1342 ritatis
488 1299 700 1350 studium,
727 1299 850 1354 quod
880 1299 925 1340 in
954 1298 1176 1353 superiori
1196 1298 1349 1353 operis
1368 1301 1496 1352 parte
1525 1295 1801 1352 prodiderat.

321 1367 448 1410 Idem
467 1368 622 1424 potius
645 1367 844 1410 studium
864 1367 910 1409 in
927 1372 1122 1409 extrema
1155 1380 1336 1424 quoque
1370 1366 1594 1422 particula
1612 1379 1638 1408 e
1656 1378 1803 1410 rerum

323 1437 490 1480 selectu
510 1440 557 1480 et
575 1436 744 1479 callida
762 1435 931 1488 ratione
953 1447 1033 1477 eas
1054 1435 1277 1478 tractandi
1298 1435 1454 1478 elucet.

381 1506 439 1550 In
460 1505 728 1550 aestimanda
750 1505 886 1559 igitur
914 1503 1080 1547 Velleii
1111 1504 1200 1547 fide
1228 1505 1442 1547 voluntas
1462 1505 1561 1560 ejus
1579 1518 1685 1548 vera
1702 1517 1804 1547 nar-

322 1575 451 1618 randi
469 1576 517 1618 in
536 1575 725 1618 dubium
743 1574 900 1617 vocari
920 1574 1096 1628 nequit;
1127 1575 1175 1615 in
1194 1566 1418 1629 quantum
1433 1587 1540 1616 vero
1561 1575 1805 1618 obsecutus

322 1645 364 1686 ei
378 1643 527 1696 fuerit,
544 1643 679 1687 facile
699 1656 760 1686 ex
781 1643 878 1699 ejus
899 1642 1034 1684 animi
1051 1642 1223 1694 indole,
1240 1643 1445 1686 sensibus
1464 1657 1570 1698 erga
1579 1643 1807 1687 Tiberium
1869 1671 1874 1677 -

323 1716 370 1756 et
386 1712 569 1755 domum
589 1712 861 1768 Augustam,
877 1725 937 1755 ex
952 1712 1195 1768 Principis,
1210 1726 1344 1768 quem
1363 1714 1610 1765 enarrabat,
1625 1712 1806 1768 ingenio

324 1785 370 1826 et
401 1783 615 1834 moribus,
648 1787 989 1838 temporumque
1011 1795 1071 1824 ex
1091 1782 1360 1834 conditione,
1393 1782 1666 1838 comparatis
1697 1781 1809 1824 alio-

324 1865 423 1894 rum
442 1856 677 1899 auctorum
696 1852 976 1903 testimoniis,
994 1850 1115 1905 exigi
1135 1854 1299 1906 potest.

384 1916 514 1963 Id‘em
545 1933 653 1964 vero
683 1921 881 1963 veritatis
902 1920 1098 1963 studium
1128 1922 1253 1975 patet
1273 1933 1459 1975 quoque
1492 1920 1539 1962 in
1566 1918 1807 1975 antiquiori

325 1988 519 2031 historia
537 1987 756 2030 tradenda
785 2000 844 2029 ex
867 1987 1034 2031 ratione
1054 2001 1190 2043 quarn
1220 1988 1401 2030 minime
1421 1988 1669 2040 temeraria,
1699 1999 1806 2044 qua,
1838 2016 1843 2018 ν

329 2070 431 2112 quae
462 2056 626 2099 tradita
652 2059 904 2111 acceperat,
937 2056 1150 2099 retulerit.
1211 2056 1398 2099 Nullius
1418 2057 1549 2109 enim,
1575 2069 1718 2112 neque
1737 2070 1811 2100 ee-

327 2125 550 2168 leberrimi
569 2125 766 2168 auctoris
784 2126 1087 2168 testimonium
1106 2129 1269 2168 temere
1299 2126 1516 2181 sequitur,
1547 2125 1627 2168 sed
1657 2125 1811 2181 potius

328 2193 559 2236 examinat
576 2193 744 2236 tradita
759 2207 784 2236 e
805 2193 869 2235 rei
882 2198 1219 2249 temporumque
1236 2194 1419 2246 ratione,
1438 2206 1627 2248 quaeque
1646 2193 1810 2237 verita-

330 2262 364 2305 ti
383 2262 458 2306 vel
476 2266 769 2305 consentanea
788 2266 902 2314 sunt,
932 2263 1004 2305 vel
1024 2263 1249 2318 proxima,
1266 2262 1571 2317 amplectitur;
1603 2263 1733 2319 cujus
1747 2263 1811 2306 rei

329 2329 605 2373 luculentum
619 2331 874 2386 exemplum
895 2334 1019 2373 extat
1050 2343 1082 2374 1.
1103 2333 1147 2374 7.
1207 2330 1381 2373 Deinde
1409 2330 1594 2373 aliorum
1623 2331 1812 2387 scripto-

329 2411 446 2450 rum,
468 2399 549 2454 qui
567 2411 673 2442 vero
689 2399 904 2451 eruendo,
934 2412 1038 2441 cum
1056 2403 1258 2454 possent,
1293 2412 1475 2454 operam
1494 2399 1664 2442 nullam
1681 2399 1811 2442 dede*-

331 2470 453 2519 runt,
473 2466 701 2510 levitatem
718 2468 920 2523 castigat.
952 2479 1007 2510 11.
1029 2468 1103 2511 53.
1166 2468 1371 2523 Denique
1391 2469 1438 2510 in
1468 2468 1739 2523 scriptorum
1755 2467 1812 2511 de

325 2534 491 2580 <eadem
509 2548 572 2587 re,
593 2548 736 2591 eaque
751 2550 842 2579 non
861 2537 1117 2589 manifesta,
1151 2536 1467 2592 discrepantia,
1496 2550 1553 2578 ne
1584 2536 1812 2592 praecipiti

328 2603 505 2660 judicio
522 2616 606 2645 suo
626 2603 754 2659 fallat
781 2605 989 2656 lectores,
1021 2605 1283 2653 diversitate
1314 2605 1631 2649 sententiarum
1656 2608 1812 2648 notata

334 2673 384 2716 in
401 2672 553 2715 medio
574 2685 665 2716 rem
685 2674 906 2728 relinquit.
929 2673 1038 2717 Vid.
1058 2686 1111 2715 11.
1129 2674 1201 2717 21.
1216 2675 1287 2717 27.
1304 2673 1377 2716 48.
1411 2673 1527 2725 Quae
1543 2674 1695 2717 omnia
1706 2677 1813 2717 sunt

337 2741 565 2798 scriptoris
592 2741 721 2797 probi
740 2744 788 2785 et
804 2742 1005 2787 veritatis
1035 2743 1248 2798 studiosi;
1278 2755 1440 2799 neque,
1460 2744 1605 2786 talem·
1614 2756 1664 2786 se
1683 2743 1730 2785 in
1746 2756 1812 2785 re-
1861 2772 1866 2777 ,

336 2810 489 2866 liquis,
522 2820 627 2866 quae
660 2810 830 2855 tradita
860 2811 919 2855 ab
942 2811 1209 2856 :auctoribus
1238 2811 1455 2864 retulerit,
1485 2811 1698 2870 gessisse,
1727 2810 1812 2857 im·-
