<?xml version="1.0" encoding="UTF-8"?>
<!DOCTYPE html PUBLIC "-//W3C//DTD XHTML 1.0 Transitional//EN"
    "http://www.w3.org/TR/xhtml1/DTD/xhtml1-transitional.dtd">
<html xmlns="http://www.w3.org/1999/xhtml" xml:lang="en" lang="en">
 <head>
  <title>
</title>
<meta http-equiv="Content-Type" content="text/html;charset=utf-8" />
  <meta name='ocr-system' content='tesseract 3.04.00' />
  <meta name='ocr-capabilities' content='ocr_page ocr_carea ocr_par ocr_line ocrx_word'/>
</head>
<body>
  <div class='ocr_page' id='page_1' title='image "./historiaromanaex00velluoft_0406.png"; bbox 0 0 2008 3210; ppageno 0'>
   <div class='ocr_carea' id='block_1_1' title="bbox 362 263 449 307">
    <p class='ocr_par' dir='ltr' id='par_1_1' title="bbox 362 263 449 307">
     <span class='ocr_line' id='line_1_1' title="bbox 362 263 449 307; baseline 0 -1"><span class='ocrx_word' id='word_1_1' title='bbox 362 263 449 307; x_wconf 79' lang='lat'><strong>394</strong></span> 
     </span>
    </p>
   </div>
   <div class='ocr_carea' id='block_1_2' title="bbox 360 363 1082 2910">
    <p class='ocr_par' dir='ltr' id='par_1_2' title="bbox 362 363 1074 961">
     <span class='ocr_line' id='line_1_2' title="bbox 363 363 1072 412; baseline -0.001 -11"><span class='ocrx_word' id='word_1_2' title='bbox 363 369 443 410; x_wconf 79' lang='lat' dir='ltr'><strong>sari,</strong></span> <span class='ocrx_word' id='word_1_3' title='bbox 473 363 547 402; x_wconf 84' lang='lat' dir='ltr'><strong>sine</strong></span> <span class='ocrx_word' id='word_1_4' title='bbox 570 378 639 412; x_wconf 89' lang='lat' dir='ltr'><strong>quo</strong></span> <span class='ocrx_word' id='word_1_5' title='bbox 665 364 721 403; x_wconf 85' lang='lat' dir='ltr'><strong>res</strong></span> <span class='ocrx_word' id='word_1_6' title='bbox 746 369 905 403; x_wconf 84' lang='lat' dir='ltr'><strong>militaris</strong></span> <span class='ocrx_word' id='word_1_7' title='bbox 929 368 1072 401; x_wconf 87' lang='lat' dir='ltr'><strong>admini-</strong></span> 
     </span>
     <span class='ocr_line' id='line_1_3' title="bbox 362 420 1073 462; baseline 0.001 -10"><span class='ocrx_word' id='word_1_8' title='bbox 362 420 479 461; x_wconf 86' lang='lat' dir='ltr'><strong>strari,</strong></span> <span class='ocrx_word' id='word_1_9' title='bbox 494 421 606 453; x_wconf 89' lang='lat' dir='ltr'><strong>teneri</strong></span> <span class='ocrx_word' id='word_1_10' title='bbox 632 422 821 462; x_wconf 73' lang='lat' dir='ltr'><strong>exercitae,</strong></span> <span class='ocrx_word' id='word_1_11' title='bbox 847 420 975 453; x_wconf 89' lang='lat' dir='ltr'><strong>bellum</strong></span> <span class='ocrx_word' id='word_1_12' title='bbox 999 420 1073 462; x_wconf 82' lang='lat' dir='ltr'><strong>geri</strong></span> 
     </span>
     <span class='ocr_line' id='line_1_4' title="bbox 363 471 1072 515; baseline 0.003 -13"><span class='ocrx_word' id='word_1_13' title='bbox 363 480 431 503; x_wconf 87' lang='lat' dir='ltr'><strong>non</strong></span> <span class='ocrx_word' id='word_1_14' title='bbox 455 475 594 513; x_wconf 87' lang='lat' dir='ltr'><strong>potest:</strong></span> <span class='ocrx_word' id='word_1_15' title='bbox 624 472 671 505; x_wconf 83' lang='lat' dir='ltr'><strong>sit</strong></span> <span class='ocrx_word' id='word_1_16' title='bbox 692 475 908 515; x_wconf 84' lang='lat' dir='ltr'><strong>propraetnre</strong></span> <span class='ocrx_word' id='word_1_17' title='bbox 930 480 972 504; x_wconf 87' lang='lat' dir='ltr'><strong>eo</strong></span> <span class='ocrx_word' id='word_1_18' title='bbox 989 471 1072 514; x_wconf 84' lang='lat' dir='ltr'><strong>jure</strong></span> 
     </span>
     <span class='ocr_line' id='line_1_5' title="bbox 363 522 1071 565; baseline 0.003 -12"><span class='ocrx_word' id='word_1_19' title='bbox 363 531 431 564; x_wconf 85' lang='lat' dir='ltr'><strong>quo</strong></span> <span class='ocrx_word' id='word_1_20' title='bbox 462 522 521 565; x_wconf 88' lang='lat' dir='ltr'><strong>qui</strong></span> <span class='ocrx_word' id='word_1_21' title='bbox 549 523 707 565; x_wconf 67' lang='lat' dir='ltr'><strong>optimo!</strong></span> <span class='ocrx_word' id='word_1_22' title='bbox 751 523 886 556; x_wconf 84' lang='lat' dir='ltr'><strong>Tullius</strong></span> <span class='ocrx_word' id='word_1_23' title='bbox 918 523 1071 565; x_wconf 83' lang='lat' dir='ltr'><strong>Philipp.</strong></span> 
     </span>
     <span class='ocr_line' id='line_1_6' title="bbox 364 574 1073 617; baseline 0.001 -11"><span class='ocrx_word' id='word_1_24' title='bbox 364 583 399 605; x_wconf 84' lang='lat' dir='ltr'><strong>v.</strong></span> <span class='ocrx_word' id='word_1_25' title='bbox 430 574 608 606; x_wconf 80' lang='lat' dir='ltr'><strong>Manutius</strong></span> <span class='ocrx_word' id='word_1_26' title='bbox 637 574 693 607; x_wconf 91' lang='lat' dir='ltr'><strong>hic</strong></span> <span class='ocrx_word' id='word_1_27' title='bbox 722 575 807 617; x_wconf 87' lang='lat' dir='ltr'><strong>legit</strong></span> <span class='ocrx_word' id='word_1_28' title='bbox 832 577 1073 616; x_wconf 76' lang='lat' dir='ltr'><strong>proproetorem.</strong></span> 
     </span>
     <span class='ocr_line' id='line_1_7' title="bbox 363 623 1072 666; baseline 0.001 -11"><span class='ocrx_word' id='word_1_29' title='bbox 363 623 510 665; x_wconf 83' lang='lat' dir='ltr'><strong>Schegk.</strong></span> <span class='ocrx_word' id='word_1_30' title='bbox 545 623 760 665; x_wconf 74' lang='lat' dir='ltr'><strong>Propraetore]</strong></span> <span class='ocrx_word' id='word_1_31' title='bbox 805 624 863 657; x_wconf 87' lang='lat' dir='ltr'><strong>Ita</strong></span> <span class='ocrx_word' id='word_1_32' title='bbox 888 623 1072 666; x_wconf 79' lang='lat' dir='ltr'><strong>legendum</strong></span> 
     </span>
     <span class='ocr_line' id='line_1_8' title="bbox 363 674 1074 716; baseline 0.004 -11"><span class='ocrx_word' id='word_1_33' title='bbox 363 682 440 706; x_wconf 85' lang='lat' dir='ltr'><strong>esse</strong></span> <span class='ocrx_word' id='word_1_34' title='bbox 465 674 601 716; x_wconf 82' lang='lat' dir='ltr'><strong>pridem</strong></span> <span class='ocrx_word' id='word_1_35' title='bbox 625 675 869 708; x_wconf 83' lang='lat' dir='ltr'><strong>animadvertit</strong></span> <span class='ocrx_word' id='word_1_36' title='bbox 894 675 1074 709; x_wconf 85' lang='lat' dir='ltr'><strong>Robortel-</strong></span> 
     </span>
     <span class='ocr_line' id='line_1_9' title="bbox 363 724 1074 768; baseline 0.004 -13"><span class='ocrx_word' id='word_1_37' title='bbox 363 724 415 756; x_wconf 88' lang='lat' dir='ltr'><strong>lus</strong></span> <span class='ocrx_word' id='word_1_38' title='bbox 439 724 474 756; x_wconf 90' lang='lat' dir='ltr'><strong>in</strong></span> <span class='ocrx_word' id='word_1_39' title='bbox 498 724 674 757; x_wconf 87' lang='lat' dir='ltr'><strong>emendat.</strong></span> <span class='ocrx_word' id='word_1_40' title='bbox 703 734 745 758; x_wconf 88' lang='lat'><strong>11.</strong></span> <span class='ocrx_word' id='word_1_41' title='bbox 771 728 828 758; x_wconf 72' lang='lat'><strong>23.</strong></span> <span class='ocrx_word' id='word_1_42' title='bbox 854 725 926 758; x_wconf 85' lang='lat' dir='ltr'><strong>sive</strong></span> <span class='ocrx_word' id='word_1_43' title='bbox 956 725 1074 768; x_wconf 88' lang='lat' dir='ltr'><strong>potius</strong></span> 
     </span>
     <span class='ocr_line' id='line_1_10' title="bbox 362 774 1073 816; baseline 0.003 -10"><span class='ocrx_word' id='word_1_44' title='bbox 362 774 529 816; x_wconf 82' lang='lat' dir='ltr'><strong>Sigonius.</strong></span> <span class='ocrx_word' id='word_1_45' title='bbox 587 776 644 808; x_wconf 89' lang='lat' dir='ltr'><strong>De</strong></span> <span class='ocrx_word' id='word_1_46' title='bbox 670 775 762 809; x_wconf 89' lang='lat' dir='ltr'><strong>bello</strong></span> <span class='ocrx_word' id='word_1_47' title='bbox 791 777 856 809; x_wconf 90' lang='lat' dir='ltr'><strong>hoc</strong></span> <span class='ocrx_word' id='word_1_48' title='bbox 880 776 1073 809; x_wconf 80' lang='lat' dir='ltr'><strong>Mutinensi</strong></span> 
     </span>
     <span class='ocr_line' id='line_1_11' title="bbox 363 825 1072 870; baseline 0.004 -14"><span class='ocrx_word' id='word_1_49' title='bbox 363 825 442 858; x_wconf 90' lang='lat' dir='ltr'><strong>vide</strong></span> <span class='ocrx_word' id='word_1_50' title='bbox 458 826 668 860; x_wconf 70' lang='lat' dir='ltr'><strong>Flor.-1v.4.</strong></span> <span class='ocrx_word' id='word_1_51' title='bbox 684 831 722 860; x_wconf 90' lang='lat' dir='ltr'><strong>et</strong></span> <span class='ocrx_word' id='word_1_52' title='bbox 747 837 832 870; x_wconf 84' lang='lat' dir='ltr'><strong>quos</strong></span> <span class='ocrx_word' id='word_1_53' title='bbox 857 827 906 859; x_wconf 89' lang='lat' dir='ltr'><strong>ibi</strong></span> <span class='ocrx_word' id='word_1_54' title='bbox 931 828 1072 860; x_wconf 84' lang='lat' dir='ltr'><strong>Camers</strong></span> 
     </span>
     <span class='ocr_line' id='line_1_12' title="bbox 362 876 1073 920; baseline 0.003 -12"><span class='ocrx_word' id='word_1_55' title='bbox 362 876 518 909; x_wconf 80' lang='lat' dir='ltr'><strong>notavit:</strong></span> <span class='ocrx_word' id='word_1_56' title='bbox 552 877 675 920; x_wconf 89' lang='lat' dir='ltr'><strong>quibus</strong></span> <span class='ocrx_word' id='word_1_57' title='bbox 694 877 782 910; x_wconf 89' lang='lat' dir='ltr'><strong>adde</strong></span> <span class='ocrx_word' id='word_1_58' title='bbox 797 879 994 920; x_wconf 57' lang='lat' dir='ltr'><strong>praesertim</strong></span> <span class='ocrx_word' id='word_1_59' title='bbox 1010 879 1073 911; x_wconf 88' lang='lat' dir='ltr'><strong>Di·</strong></span> 
     </span>
     <span class='ocr_line' id='line_1_13' title="bbox 362 928 749 961; baseline 0.003 -2"><span class='ocrx_word' id='word_1_60' title='bbox 362 936 461 959; x_wconf 88' lang='lat' dir='ltr'><strong>onem</strong></span> <span class='ocrx_word' id='word_1_61' title='bbox 478 937 581 960; x_wconf 74' lang='lat' dir='ltr'><strong>xzvr.</strong></span> <span class='ocrx_word' id='word_1_62' title='bbox 604 928 749 961; x_wconf 81' lang='lat' dir='ltr'><strong>Boecler.</strong></span> 
     </span>
    </p>

    <p class='ocr_par' dir='ltr' id='par_1_3' title="bbox 363 979 1073 1072">
     <span class='ocr_line' id='line_1_14' title="bbox 367 979 1073 1022; baseline 0.001 -10"><span class='ocrx_word' id='word_1_63' title='bbox 367 990 373 994; x_wconf 89' lang='grc'><em>·</em></span> <span class='ocrx_word' id='word_1_64' title='bbox 409 979 596 1012; x_wconf 74' lang='lat' dir='ltr'><strong>Consulibus</strong></span> <span class='ocrx_word' id='word_1_65' title='bbox 622 980 810 1022; x_wconf 79' lang='lat' dir='ltr'><strong>designatis]</strong></span> <span class='ocrx_word' id='word_1_66' title='bbox 857 979 890 1013; x_wconf 89' lang='lat' dir='ltr'><strong>A</strong></span> <span class='ocrx_word' id='word_1_67' title='bbox 920 980 1073 1022; x_wconf 86' lang='lat' dir='ltr'><strong>Caesare,</strong></span> 
     </span>
     <span class='ocr_line' id='line_1_15' title="bbox 363 1030 949 1072; baseline 0.002 -10"><span class='ocrx_word' id='word_1_68' title='bbox 363 1033 462 1063; x_wconf 89' lang='lat' dir='ltr'><strong>recte</strong></span> <span class='ocrx_word' id='word_1_69' title='bbox 477 1034 513 1063; x_wconf 89' lang='lat' dir='ltr'><strong>et</strong></span> <span class='ocrx_word' id='word_1_70' title='bbox 528 1030 648 1063; x_wconf 84' lang='lat' dir='ltr'><strong>ordine</strong></span> <span class='ocrx_word' id='word_1_71' title='bbox 663 1031 790 1072; x_wconf 79' lang='lat' dir='ltr'><strong>capies.</strong></span> <span class='ocrx_word' id='word_1_72' title='bbox 812 1030 949 1072; x_wconf 79' lang='lat' dir='ltr'><strong>Schegk.</strong></span> 
     </span>
    </p>

    <p class='ocr_par' dir='ltr' id='par_1_4' title="bbox 360 1081 1080 2195">
     <span class='ocr_line' id='line_1_16' title="bbox 411 1081 1074 1122; baseline 0.002 -9"><span class='ocrx_word' id='word_1_73' title='bbox 411 1081 616 1122; x_wconf 70' lang='lat' dir='ltr'><strong>Vicesimum]</strong></span> <span class='ocrx_word' id='word_1_74' title='bbox 639 1081 767 1113; x_wconf 86' lang='lat' dir='ltr'><strong>Parum</strong></span> <span class='ocrx_word' id='word_1_75' title='bbox 782 1086 938 1122; x_wconf 80' lang='lat' dir='ltr'><strong>attente3</strong></span> <span class='ocrx_word' id='word_1_76' title='bbox 959 1082 1074 1115; x_wconf 88' lang='lat' dir='ltr'><strong>malim</strong></span> 
     </span>
     <span class='ocr_line' id='line_1_17' title="bbox 362 1132 1076 1174; baseline 0.001 -10"><span class='ocrx_word' id='word_1_77' title='bbox 362 1132 636 1172; x_wconf 80' lang='lat' dir='ltr'><strong>undevicesimum,</strong></span> <span class='ocrx_word' id='word_1_78' title='bbox 652 1137 893 1174; x_wconf 84' lang='lat' dir='ltr'><strong>argumentum</strong></span> <span class='ocrx_word' id='word_1_79' title='bbox 917 1143 938 1164; x_wconf 88' lang='lat' dir='ltr'><strong>a</strong></span> <span class='ocrx_word' id='word_1_80' title='bbox 957 1142 1076 1165; x_wconf 88' lang='lat' dir='ltr'><strong>consu-</strong></span> 
     </span>
     <span class='ocr_line' id='line_1_18' title="bbox 362 1183 1075 1226; baseline 0.003 -11"><span class='ocrx_word' id='word_1_81' title='bbox 362 1185 448 1219; x_wconf 77' lang='lat' dir='ltr'><strong>latu.</strong></span> <span class='ocrx_word' id='word_1_82' title='bbox 464 1184 563 1217; x_wconf 75' lang='lat' dir='ltr'><strong>Idem.</strong></span> <span class='ocrx_word' id='word_1_83' title='bbox 584 1183 787 1226; x_wconf 77' lang='lat' dir='ltr'><strong>Vicesimum]</strong></span> <span class='ocrx_word' id='word_1_84' title='bbox 810 1184 1026 1226; x_wconf 86' lang='lat' dir='ltr'><strong>Legendum,</strong></span> <span class='ocrx_word' id='word_1_85' title='bbox 1040 1186 1075 1217; x_wconf 81' lang='lat' dir='ltr'><strong>id</strong></span> 
     </span>
     <span class='ocr_line' id='line_1_19' title="bbox 363 1235 1076 1279; baseline 0.003 -12"><span class='ocrx_word' id='word_1_86' title='bbox 363 1235 403 1267; x_wconf 89' lang='lat' dir='ltr'><strong>ab</strong></span> <span class='ocrx_word' id='word_1_87' title='bbox 413 1245 460 1276; x_wconf 86' lang='lat' dir='ltr'><strong>eo,</strong></span> <span class='ocrx_word' id='word_1_88' title='bbox 469 1237 522 1277; x_wconf 68' lang='grc' dir='ltr'><strong>ᾄτ.</strong></span> <span class='ocrx_word' id='word_1_89' title='bbox 536 1235 639 1269; x_wconf 83' lang='lat' dir='ltr'><strong>Quod</strong></span> <span class='ocrx_word' id='word_1_90' title='bbox 651 1235 793 1277; x_wconf 82' lang='lat' dir='ltr'><strong>Ursino,</strong></span> <span class='ocrx_word' id='word_1_91' title='bbox 805 1236 949 1279; x_wconf 85' lang='lat' dir='ltr'><strong>aliisque</strong></span> <span class='ocrx_word' id='word_1_92' title='bbox 960 1237 1076 1278; x_wconf 87' lang='lat' dir='ltr'><strong>etiam,</strong></span> 
     </span>
     <span class='ocr_line' id='line_1_20' title="bbox 366 1286 1073 1320; baseline 0.001 -1"><span class='ocrx_word' id='word_1_93' title='bbox 366 1286 599 1319; x_wconf 86' lang='lat' dir='ltr'><strong>observatum.</strong></span> <span class='ocrx_word' id='word_1_94' title='bbox 653 1286 724 1319; x_wconf 92' lang='lat' dir='ltr'><strong>Pro</strong></span> <span class='ocrx_word' id='word_1_95' title='bbox 749 1287 930 1320; x_wconf 80' lang='lat' dir='ltr'><strong>vicesimum</strong></span> <span class='ocrx_word' id='word_1_96' title='bbox 959 1292 1073 1320; x_wconf 87' lang='lat' dir='ltr'><strong>autem</strong></span> 
     </span>
     <span class='ocr_line' id='line_1_21' title="bbox 363 1337 1074 1378; baseline 0.001 -9"><span class='ocrx_word' id='word_1_97' title='bbox 363 1337 554 1378; x_wconf 76' lang='lat' dir='ltr'><strong>Schegkius</strong></span> <span class='ocrx_word' id='word_1_98' title='bbox 603 1337 758 1370; x_wconf 87' lang='lat' dir='ltr'><strong>malebat</strong></span> <span class='ocrx_word' id='word_1_99' title='bbox 801 1339 1074 1371; x_wconf 81' lang='lat' dir='ltr'><strong>undevicesimum.</strong></span> 
     </span>
     <span class='ocr_line' id='line_1_22' title="bbox 364 1389 1076 1432; baseline 0.001 -11"><span class='ocrx_word' id='word_1_100' title='bbox 364 1389 432 1421; x_wconf 86' lang='lat' dir='ltr'><strong>Sed</strong></span> <span class='ocrx_word' id='word_1_101' title='bbox 462 1389 789 1428; x_wconf 66' lang='lat' dir='ltr'><strong>retinenda„1ectio</strong></span> <span class='ocrx_word' id='word_1_102' title='bbox 816 1390 978 1432; x_wconf 84' lang='lat' dir='ltr'><strong>vulgaris,</strong></span> <span class='ocrx_word' id='word_1_103' title='bbox 1012 1390 1076 1422; x_wconf 89' lang='lat' dir='ltr'><strong>nisi</strong></span> 
     </span>
     <span class='ocr_line' id='line_1_23' title="bbox 364 1440 1076 1483; baseline 0.001 -11"><span class='ocrx_word' id='word_1_104' title='bbox 364 1444 623 1473; x_wconf 90' lang='lat' dir='ltr'><strong>monumentum</strong></span> <span class='ocrx_word' id='word_1_105' title='bbox 632 1440 856 1483; x_wconf 88' lang='lat' dir='ltr'><strong>Ancyranum</strong></span> <span class='ocrx_word' id='word_1_106' title='bbox 864 1441 1076 1482; x_wconf 80' lang='lat' dir='ltr'><strong>damnemus,</strong></span> 
     </span>
     <span class='ocr_line' id='line_1_24' title="bbox 364 1491 1077 1534; baseline 0.001 -11"><span class='ocrx_word' id='word_1_107' title='bbox 364 1491 457 1533; x_wconf 85' lang='lat' dir='ltr'><strong>quod</strong></span> <span class='ocrx_word' id='word_1_108' title='bbox 485 1492 602 1534; x_wconf 86' lang='lat' dir='ltr'><strong>paullo</strong></span> <span class='ocrx_word' id='word_1_109' title='bbox 625 1495 707 1524; x_wconf 83' lang='lat' dir='ltr'><strong>ante</strong></span> <span class='ocrx_word' id='word_1_110' title='bbox 732 1491 956 1524; x_wconf 86' lang='lat' dir='ltr'><strong>laudavimus.</strong></span> <span class='ocrx_word' id='word_1_111' title='bbox 1000 1492 1077 1525; x_wconf 89' lang='lat' dir='ltr'><strong>Nec</strong></span> 
     </span>
     <span class='ocr_line' id='line_1_25' title="bbox 366 1542 1079 1584; baseline 0.003 -11"><span class='ocrx_word' id='word_1_112' title='bbox 366 1545 608 1583; x_wconf 80' lang='lat' dir='ltr'><strong>argumentum</strong></span> <span class='ocrx_word' id='word_1_113' title='bbox 633 1551 653 1574; x_wconf 88' lang='lat' dir='ltr'><strong>a</strong></span> <span class='ocrx_word' id='word_1_114' title='bbox 676 1542 856 1575; x_wconf 83' lang='lat' dir='ltr'><strong>consulatu</strong></span> <span class='ocrx_word' id='word_1_115' title='bbox 882 1542 998 1584; x_wconf 85' lang='lat' dir='ltr'><strong>magni</strong></span> <span class='ocrx_word' id='word_1_116' title='bbox 1023 1546 1079 1575; x_wconf 85' lang='lat' dir='ltr'><strong>est</strong></span> 
     </span>
     <span class='ocr_line' id='line_1_26' title="bbox 364 1591 1078 1636; baseline 0.003 -13"><span class='ocrx_word' id='word_1_117' title='bbox 364 1591 542 1624; x_wconf 84' lang='lat' dir='ltr'><strong>momenti.</strong></span> <span class='ocrx_word' id='word_1_118' title='bbox 578 1591 671 1634; x_wconf 76' lang='lat' dir='ltr'><strong>Solo,</strong></span> <span class='ocrx_word' id='word_1_119' title='bbox 685 1592 847 1625; x_wconf 84' lang='lat' dir='ltr'><strong>advocari</strong></span> <span class='ocrx_word' id='word_1_120' title='bbox 862 1602 977 1635; x_wconf 77' lang='lat' dir='ltr'><strong>posse,</strong></span> <span class='ocrx_word' id='word_1_121' title='bbox 986 1593 1078 1636; x_wconf 89' lang='lat' dir='ltr'><strong>quod</strong></span> 
     </span>
     <span class='ocr_line' id='line_1_27' title="bbox 365 1641 1076 1676; baseline 0.004 -3"><span class='ocrx_word' id='word_1_122' title='bbox 365 1641 410 1673; x_wconf 86' lang='lat' dir='ltr'><strong>de</strong></span> <span class='ocrx_word' id='word_1_123' title='bbox 427 1641 576 1675; x_wconf 85' lang='lat' dir='ltr'><strong>Octavio</strong></span> <span class='ocrx_word' id='word_1_124' title='bbox 590 1642 800 1675; x_wconf 80' lang='lat' dir='ltr'><strong>Plutarchus</strong></span> <span class='ocrx_word' id='word_1_125' title='bbox 819 1643 855 1674; x_wconf 88' lang='lat' dir='ltr'><strong>in</strong></span> <span class='ocrx_word' id='word_1_126' title='bbox 881 1643 990 1675; x_wconf 88' lang='lat' dir='ltr'><strong>Bruto</strong></span> <span class='ocrx_word' id='word_1_127' title='bbox 1005 1643 1076 1676; x_wconf 90' lang='lat' dir='ltr'><strong>ait:</strong></span> 
     </span>
     <span class='ocr_line' id='line_1_28' title="bbox 360 1690 1079 1736; baseline 0.004 -13"><span class='ocrx_word' id='word_1_128' title='bbox 360 1690 531 1724; x_wconf 71' lang='grc' dir='ltr'><strong>Ὕπατείαν</strong></span> <span class='ocrx_word' id='word_1_129' title='bbox 559 1691 678 1729; x_wconf 82' lang='grc' dir='ltr'>ἔλαβεν</span> <span class='ocrx_word' id='word_1_130' title='bbox 704 1692 788 1724; x_wconf 75' lang='grc' dir='ltr'><strong><em>οὔπω</em></strong></span> <span class='ocrx_word' id='word_1_131' title='bbox 813 1691 895 1725; x_wconf 75' lang='grc' dir='ltr'><strong>πάνυ</strong></span> <span class='ocrx_word' id='word_1_132' title='bbox 922 1692 1079 1736; x_wconf 76' lang='grc' dir='ltr'>μειράκιον</span> 
     </span>
     <span class='ocr_line' id='line_1_29' title="bbox 366 1741 1079 1785; baseline 0.004 -11"><span class='ocrx_word' id='word_1_133' title='bbox 366 1742 420 1783; x_wconf 76' lang='grc' dir='ltr'><strong>ὢν,</strong></span> <span class='ocrx_word' id='word_1_134' title='bbox 434 1742 509 1774; x_wconf 73' lang='grc' dir='ltr'>ἀλλ’</span> <span class='ocrx_word' id='word_1_135' title='bbox 522 1741 664 1775; x_wconf 74' lang='grc' dir='ltr'>εἰκοστὸν</span> <span class='ocrx_word' id='word_1_136' title='bbox 679 1742 765 1784; x_wconf 71' lang='grc' dir='ltr'><strong>ἄγων</strong></span> <span class='ocrx_word' id='word_1_137' title='bbox 779 1742 861 1785; x_wconf 75' lang='grc' dir='ltr'><strong><em>ἔτος,</em></strong></span> <span class='ocrx_word' id='word_1_138' title='bbox 882 1744 923 1777; x_wconf 77' lang='grc' dir='ltr'><strong>ὡς</strong></span> <span class='ocrx_word' id='word_1_139' title='bbox 937 1743 1031 1777; x_wconf 75' lang='grc' dir='ltr'>αὐτὸς</span> <span class='ocrx_word' id='word_1_140' title='bbox 1045 1745 1079 1777; x_wconf 82' lang='grc' dir='ltr'><strong>ἐν</strong></span> 
     </span>
     <span class='ocr_line' id='line_1_30' title="bbox 365 1793 1079 1837; baseline 0.004 -11"><span class='ocrx_word' id='word_1_141' title='bbox 365 1795 432 1826; x_wconf 77' lang='grc' dir='ltr'><strong><em>τοῖς</em></strong></span> <span class='ocrx_word' id='word_1_142' title='bbox 444 1793 676 1835; x_wconf 72' lang='grc' dir='ltr'>Ὑπομνήμασιν</span> <span class='ocrx_word' id='word_1_143' title='bbox 690 1795 811 1837; x_wconf 73' lang='grc' dir='ltr'>εἴρηκεν</span> <span class='ocrx_word' id='word_1_144' title='bbox 823 1806 831 1827; x_wconf 74' lang='lat' dir='ltr'>x</span> <span class='ocrx_word' id='word_1_145' title='bbox 873 1795 1079 1829; x_wconf 79' lang='lat' dir='ltr'><strong>Consulatum</strong></span> 
     </span>
     <span class='ocr_line' id='line_1_31' title="bbox 365 1845 1079 1888; baseline 0.003 -12"><span class='ocrx_word' id='word_1_146' title='bbox 365 1845 485 1886; x_wconf 84' lang='lat' dir='ltr'><strong>accepit</strong></span> <span class='ocrx_word' id='word_1_147' title='bbox 497 1845 627 1877; x_wconf 77' lang='lat' dir='ltr'><strong>vixdum</strong></span> <span class='ocrx_word' id='word_1_148' title='bbox 642 1846 828 1888; x_wconf 72' lang='lat' dir='ltr'><strong>adolescens,</strong></span> <span class='ocrx_word' id='word_1_149' title='bbox 848 1849 880 1878; x_wconf 83' lang='lat' dir='ltr'><strong>et</strong></span> <span class='ocrx_word' id='word_1_150' title='bbox 894 1845 1079 1887; x_wconf 74' lang='lat' dir='ltr'><strong>vigesimum</strong></span> 
     </span>
     <span class='ocr_line' id='line_1_32' title="bbox 366 1895 1080 1937; baseline 0 -10"><span class='ocrx_word' id='word_1_151' title='bbox 366 1903 482 1927; x_wconf 85' lang='lat' dir='ltr'><strong>annum</strong></span> <span class='ocrx_word' id='word_1_152' title='bbox 499 1905 610 1936; x_wconf 78' lang='lat' dir='ltr'><strong>agens,</strong></span> <span class='ocrx_word' id='word_1_153' title='bbox 631 1898 668 1927; x_wconf 85' lang='lat' dir='ltr'><strong>ut</strong></span> <span class='ocrx_word' id='word_1_154' title='bbox 691 1895 759 1937; x_wconf 79' lang='lat' dir='ltr'><strong>ipse</strong></span> <span class='ocrx_word' id='word_1_155' title='bbox 782 1895 818 1927; x_wconf 85' lang='lat' dir='ltr'><strong>in</strong></span> <span class='ocrx_word' id='word_1_156' title='bbox 836 1896 1080 1928; x_wconf 78' lang='lat' dir='ltr'><strong>Commentariis</strong></span> 
     </span>
     <span class='ocr_line' id='line_1_33' title="bbox 366 1945 1079 1988; baseline 0.001 -11"><span class='ocrx_word' id='word_1_157' title='bbox 366 1945 490 1978; x_wconf 80' lang='lat' dir='ltr'><strong>retulit.</strong></span> <span class='ocrx_word' id='word_1_158' title='bbox 533 1946 627 1978; x_wconf 86' lang='lat' dir='ltr'><strong>Vere</strong></span> <span class='ocrx_word' id='word_1_159' title='bbox 642 1946 706 1978; x_wconf 86' lang='lat' dir='ltr'><strong>hoc</strong></span> <span class='ocrx_word' id='word_1_160' title='bbox 726 1945 870 1987; x_wconf 86' lang='lat' dir='ltr'><strong>dictum,</strong></span> <span class='ocrx_word' id='word_1_161' title='bbox 885 1946 945 1979; x_wconf 86' lang='lat' dir='ltr'><strong>sed</strong></span> <span class='ocrx_word' id='word_1_162' title='bbox 961 1946 1079 1988; x_wconf 88' lang='lat' dir='ltr'><strong>paullo</strong></span> 
     </span>
     <span class='ocr_line' id='line_1_34' title="bbox 368 1995 1078 2040; baseline 0.001 -12"><span class='ocrx_word' id='word_1_163' title='bbox 368 1995 597 2038; x_wconf 81' lang='lat' dir='ltr'><strong>ambitiosius,</strong></span> <span class='ocrx_word' id='word_1_164' title='bbox 623 1997 704 2039; x_wconf 90' lang='lat' dir='ltr'><strong>quia</strong></span> <span class='ocrx_word' id='word_1_165' title='bbox 731 2006 799 2029; x_wconf 92' lang='lat' dir='ltr'><strong>uno</strong></span> <span class='ocrx_word' id='word_1_166' title='bbox 823 1997 994 2040; x_wconf 76' lang='lat' dir='ltr'><strong>duntaxat</strong></span> <span class='ocrx_word' id='word_1_167' title='bbox 1022 1997 1078 2030; x_wconf 90' lang='lat' dir='ltr'><strong>die</strong></span> 
     </span>
     <span class='ocr_line' id='line_1_35' title="bbox 366 2040 1077 2090; baseline 0.003 -11"><span class='ocrx_word' id='word_1_168' title='bbox 366 2047 536 2090; x_wconf 83' lang='lat' dir='ltr'><strong>vigesimo</strong></span> <span class='ocrx_word' id='word_1_169' title='bbox 551 2048 663 2081; x_wconf 87' lang='lat' dir='ltr'><strong>minus</strong></span> <span class='ocrx_word' id='word_1_170' title='bbox 672 2040 765 2081; x_wconf 73' lang='lat' dir='ltr'><strong>erat.</strong></span> <span class='ocrx_word' id='word_1_171' title='bbox 799 2048 955 2081; x_wconf 84' lang='lat' dir='ltr'><strong>Velleius</strong></span> <span class='ocrx_word' id='word_1_172' title='bbox 969 2047 1077 2081; x_wconf 85' lang='lat' dir='ltr'><strong>infra:</strong></span> 
     </span>
     <span class='ocr_line' id='line_1_36' title="bbox 367 2099 1080 2143; baseline 0.001 -11"><span class='ocrx_word' id='word_1_173' title='bbox 367 2100 681 2143; x_wconf 76' lang='lat' dir='ltr'><strong>‘consulatumque</strong></span> <span class='ocrx_word' id='word_1_174' title='bbox 711 2100 790 2132; x_wconf 91' lang='lat' dir='ltr'><strong>iniit</strong></span> <span class='ocrx_word' id='word_1_175' title='bbox 818 2100 937 2133; x_wconf 82' lang='lat' dir='ltr'><strong>Caesar</strong></span> <span class='ocrx_word' id='word_1_176' title='bbox 966 2099 1080 2142; x_wconf 82' lang='lat' dir='ltr'><strong>pridie</strong></span> 
     </span>
     <span class='ocr_line' id='line_1_37' title="bbox 367 2150 1058 2195; baseline 0 -11"><span class='ocrx_word' id='word_1_177' title='bbox 367 2161 470 2195; x_wconf 88' lang='lat' dir='ltr'><strong>quam</strong></span> <span class='ocrx_word' id='word_1_178' title='bbox 485 2151 610 2194; x_wconf 87' lang='lat' dir='ltr'><strong>viginti</strong></span> <span class='ocrx_word' id='word_1_179' title='bbox 625 2161 730 2184; x_wconf 86' lang='lat' dir='ltr'><strong>annos</strong></span> <span class='ocrx_word' id='word_1_180' title='bbox 745 2150 932 2194; x_wconf 66' lang='lat' dir='ltr'><strong>impleret!</strong></span> <span class='ocrx_word' id='word_1_181' title='bbox 969 2152 1058 2184; x_wconf 79' lang='lat' dir='ltr'><strong>Vos&#39;s.</strong></span> 
     </span>
    </p>

    <p class='ocr_par' dir='ltr' id='par_1_5' title="bbox 366 2200 1081 2297">
     <span class='ocr_line' id='line_1_38' title="bbox 370 2200 1081 2245; baseline 0 -10"><span class='ocrx_word' id='word_1_182' title='bbox 370 2227 372 2230; x_wconf 84' lang='lat'><strong>.</strong></span> <span class='ocrx_word' id='word_1_183' title='bbox 411 2203 590 2245; x_wconf 76' lang='lat' dir='ltr'><strong>Mutinam]</strong></span> <span class='ocrx_word' id='word_1_184' title='bbox 606 2200 942 2245; x_wconf 60' lang='lat' dir='ltr'><strong>Galliaessisalpinae,</strong></span> <span class='ocrx_word' id='word_1_185' title='bbox 954 2202 989 2235; x_wconf 88' lang='lat' dir='ltr'><strong>in</strong></span> <span class='ocrx_word' id='word_1_186' title='bbox 1001 2203 1081 2236; x_wconf 81' lang='lat' dir='ltr'><strong>Fla-</strong></span> 
     </span>
     <span class='ocr_line' id='line_1_39' title="bbox 366 2254 1060 2297; baseline 0.001 -11"><span class='ocrx_word' id='word_1_187' title='bbox 366 2254 472 2287; x_wconf 87' lang='lat' dir='ltr'><strong>minia</strong></span> <span class='ocrx_word' id='word_1_188' title='bbox 487 2254 658 2297; x_wconf 76' lang='lat' dir='ltr'><strong>quondam</strong></span> <span class='ocrx_word' id='word_1_189' title='bbox 670 2255 900 2287; x_wconf 84' lang='lat' dir='ltr'><strong>Romanorum</strong></span> <span class='ocrx_word' id='word_1_190' title='bbox 912 2255 1060 2288; x_wconf 90' lang='lat' dir='ltr'><strong>colonia.</strong></span> 
     </span>
    </p>

    <p class='ocr_par' dir='ltr' id='par_1_6' title="bbox 369 2305 1081 2544">
     <span class='ocr_line' id='line_1_40' title="bbox 415 2305 1079 2347; baseline -0.002 -9"><span class='ocrx_word' id='word_1_191' title='bbox 415 2306 583 2338; x_wconf 83' lang='lat' dir='ltr'><strong>Consulum</strong></span> <span class='ocrx_word' id='word_1_192' title='bbox 606 2308 711 2338; x_wconf 83' lang='lat' dir='ltr'><strong>autem</strong></span> <span class='ocrx_word' id='word_1_193' title='bbox 725 2306 808 2338; x_wconf 78' lang='lat' dir='ltr'><strong>alter</strong></span> <span class='ocrx_word' id='word_1_194' title='bbox 820 2306 855 2338; x_wconf 83' lang='lat' dir='ltr'><strong>in</strong></span> <span class='ocrx_word' id='word_1_195' title='bbox 869 2305 954 2347; x_wconf 81' lang='lat' dir='ltr'><strong>acie]</strong></span> <span class='ocrx_word' id='word_1_196' title='bbox 991 2305 1079 2339; x_wconf 82' lang='lat' dir='ltr'><strong>Quis</strong></span> 
     </span>
     <span class='ocr_line' id='line_1_41' title="bbox 369 2357 1081 2399; baseline -0.001 -9"><span class='ocrx_word' id='word_1_197' title='bbox 369 2367 486 2390; x_wconf 86' lang='lat' dir='ltr'><strong>rumor</strong></span> <span class='ocrx_word' id='word_1_198' title='bbox 514 2357 560 2390; x_wconf 90' lang='lat' dir='ltr'><strong>de</strong></span> <span class='ocrx_word' id='word_1_199' title='bbox 588 2361 700 2390; x_wconf 89' lang='lat' dir='ltr'><strong>morte</strong></span> <span class='ocrx_word' id='word_1_200' title='bbox 734 2357 913 2390; x_wconf 88' lang='lat' dir='ltr'><strong>consulum</strong></span> <span class='ocrx_word' id='word_1_201' title='bbox 943 2367 1081 2399; x_wconf 87' lang='lat' dir='ltr'><strong>percre-</strong></span> 
     </span>
     <span class='ocr_line' id='line_1_42' title="bbox 369 2407 1080 2450; baseline 0.001 -10"><span class='ocrx_word' id='word_1_202' title='bbox 369 2407 514 2450; x_wconf 85' lang='lat' dir='ltr'><strong>bruerit,</strong></span> <span class='ocrx_word' id='word_1_203' title='bbox 529 2417 573 2440; x_wconf 88' lang='lat' dir='ltr'><strong>ex</strong></span> <span class='ocrx_word' id='word_1_204' title='bbox 585 2408 695 2441; x_wconf 83' lang='lat' dir='ltr'><strong>Tacit.</strong></span> <span class='ocrx_word' id='word_1_205' title='bbox 710 2407 754 2441; x_wconf 91' lang='lat' dir='ltr'><strong>A.</strong></span> <span class='ocrx_word' id='word_1_206' title='bbox 766 2416 793 2441; x_wconf 83' lang='lat'><strong>1.</strong></span> <span class='ocrx_word' id='word_1_207' title='bbox 810 2411 862 2442; x_wconf 88' lang='lat'><strong>10.</strong></span> <span class='ocrx_word' id='word_1_208' title='bbox 876 2411 910 2442; x_wconf 81' lang='lat'><strong>2.</strong></span> <span class='ocrx_word' id='word_1_209' title='bbox 938 2407 1080 2441; x_wconf 88' lang='lat' dir='ltr'><strong>Sueton.</strong></span> 
     </span>
     <span class='ocr_line' id='line_1_43' title="bbox 369 2458 1080 2502; baseline -0.003 -10"><span class='ocrx_word' id='word_1_210' title='bbox 369 2459 460 2502; x_wconf 78' lang='lat' dir='ltr'><strong>Aug.</strong></span> <span class='ocrx_word' id='word_1_211' title='bbox 488 2462 542 2492; x_wconf 91' lang='grc'><strong>11.</strong></span> <span class='ocrx_word' id='word_1_212' title='bbox 567 2459 676 2492; x_wconf 90' lang='lat' dir='ltr'><strong>Dion.</strong></span> <span class='ocrx_word' id='word_1_213' title='bbox 702 2467 804 2492; x_wconf 72' lang='lat' dir='ltr'><strong>xnvr.</strong></span> <span class='ocrx_word' id='word_1_214' title='bbox 828 2469 865 2501; x_wconf 89' lang='lat' dir='ltr'><strong>p.</strong></span> <span class='ocrx_word' id='word_1_215' title='bbox 891 2460 968 2492; x_wconf 79' lang='grc'><strong>360.</strong></span> <span class='ocrx_word' id='word_1_216' title='bbox 997 2458 1080 2491; x_wconf 81' lang='lat' dir='ltr'><strong>satis</strong></span> 
     </span>
     <span class='ocr_line' id='line_1_44' title="bbox 370 2510 689 2544; baseline -0.003 -1"><span class='ocrx_word' id='word_1_217' title='bbox 370 2514 521 2544; x_wconf 83' lang='lat' dir='ltr'><strong>constat.</strong></span> <span class='ocrx_word' id='word_1_218' title='bbox 543 2510 689 2543; x_wconf 75' lang='lat' dir='ltr'><strong>Boeczer.</strong></span> 
     </span>
    </p>

    <p class='ocr_par' dir='ltr' id='par_1_7' title="bbox 369 2559 1082 2910">
     <span class='ocr_line' id='line_1_45' title="bbox 415 2559 1080 2603; baseline -0.003 -9"><span class='ocrx_word' id='word_1_219' title='bbox 415 2562 505 2595; x_wconf 68' lang='grc' dir='ltr'><strong>Ου’.</strong></span> <span class='ocrx_word' id='word_1_220' title='bbox 518 2564 575 2594; x_wconf 81' lang='lat'><strong>62.</strong></span> <span class='ocrx_word' id='word_1_221' title='bbox 600 2561 716 2594; x_wconf 81' lang='lat' dir='ltr'><strong>Omnia</strong></span> <span class='ocrx_word' id='word_1_222' title='bbox 732 2563 819 2601; x_wconf 70' lang='lat' dir='ltr'><strong>ante,</strong></span> <span class='ocrx_word' id='word_1_223' title='bbox 839 2559 910 2603; x_wconf 56' lang='lat' dir='ltr'><strong>qma]</strong></span> <span class='ocrx_word' id='word_1_224' title='bbox 941 2559 1028 2594; x_wconf 83' lang='lat' dir='ltr'><strong>Quae</strong></span> <span class='ocrx_word' id='word_1_225' title='bbox 1045 2560 1080 2592; x_wconf 90' lang='lat' dir='ltr'><strong>in</strong></span> 
     </span>
     <span class='ocr_line' id='line_1_46' title="bbox 370 2611 1082 2656; baseline -0.003 -10"><span class='ocrx_word' id='word_1_226' title='bbox 370 2613 435 2646; x_wconf 88' lang='lat' dir='ltr'><strong>hoc</strong></span> <span class='ocrx_word' id='word_1_227' title='bbox 449 2613 567 2656; x_wconf 87' lang='lat' dir='ltr'><strong>capite</strong></span> <span class='ocrx_word' id='word_1_228' title='bbox 581 2612 766 2655; x_wconf 85' lang='lat' dir='ltr'><strong>habentur,</strong></span> <span class='ocrx_word' id='word_1_229' title='bbox 786 2611 867 2645; x_wconf 83' lang='lat' dir='ltr'><strong>vide</strong></span> <span class='ocrx_word' id='word_1_230' title='bbox 881 2611 977 2655; x_wconf 89' lang='lat' dir='ltr'><strong>apud</strong></span> <span class='ocrx_word' id='word_1_231' title='bbox 996 2612 1082 2644; x_wconf 87' lang='lat' dir='ltr'><strong>Dio-</strong></span> 
     </span>
     <span class='ocr_line' id='line_1_47' title="bbox 369 2662 1079 2707; baseline 0 -10"><span class='ocrx_word' id='word_1_232' title='bbox 369 2674 450 2697; x_wconf 87' lang='lat' dir='ltr'><strong>nem</strong></span> <span class='ocrx_word' id='word_1_233' title='bbox 479 2664 542 2697; x_wconf 84' lang='lat' dir='ltr'><strong>lib.</strong></span> <span class='ocrx_word' id='word_1_234' title='bbox 568 2673 670 2697; x_wconf 71' lang='lat' dir='ltr'><strong>xnvr.</strong></span> <span class='ocrx_word' id='word_1_235' title='bbox 702 2662 854 2707; x_wconf 85' lang='lat' dir='ltr'><strong>Appiau.</strong></span> <span class='ocrx_word' id='word_1_236' title='bbox 879 2673 939 2697; x_wconf 80' lang='grc' dir='ltr'><strong>ιιι.</strong></span> <span class='ocrx_word' id='word_1_237' title='bbox 963 2663 1079 2706; x_wconf 79' lang='grc' dir='ltr'>ἑμφνλ.</span> 
     </span>
     <span class='ocr_line' id='line_1_48' title="bbox 372 2715 797 2757; baseline 0.002 -10"><span class='ocrx_word' id='word_1_238' title='bbox 372 2715 449 2748; x_wconf 87' lang='lat' dir='ltr'><strong>Liv.</strong></span> <span class='ocrx_word' id='word_1_239' title='bbox 461 2715 557 2757; x_wconf 83' lang='lat' dir='ltr'><strong>Epit.</strong></span> <span class='ocrx_word' id='word_1_240' title='bbox 571 2723 673 2748; x_wconf 80' lang='lat' dir='ltr'><strong>cxrx.</strong></span> <span class='ocrx_word' id='word_1_241' title='bbox 697 2715 797 2749; x_wconf 74' lang='lat' dir='ltr'><strong>Idem.</strong></span> 
     </span>
     <span class='ocr_line' id='line_1_49' title="bbox 371 2764 1079 2809; baseline -0.004 -8"><span class='ocrx_word' id='word_1_242' title='bbox 371 2779 374 2784; x_wconf 72' lang='lat'><em>¹</em></span> <span class='ocrx_word' id='word_1_243' title='bbox 418 2766 611 2809; x_wconf 79' lang='lat' dir='ltr'><strong>Quicumque</strong></span> <span class='ocrx_word' id='word_1_244' title='bbox 635 2766 685 2798; x_wconf 76' lang='lat' dir='ltr'><strong>his</strong></span> <span class='ocrx_word' id='word_1_245' title='bbox 708 2765 757 2807; x_wconf 80' lang='lat' dir='ltr'><strong>se]</strong></span> <span class='ocrx_word' id='word_1_246' title='bbox 788 2765 867 2799; x_wconf 87' lang='lat' dir='ltr'><strong>Non</strong></span> <span class='ocrx_word' id='word_1_247' title='bbox 893 2764 1079 2808; x_wconf 81' lang='lat' dir='ltr'><strong>displicet:</strong></span> 
     </span>
     <span class='ocr_line' id='line_1_50' title="bbox 372 2815 1082 2850; baseline 0 -2"><span class='ocrx_word' id='word_1_248' title='bbox 372 2815 549 2849; x_wconf 88' lang='lat' dir='ltr'><strong>interdum</strong></span> <span class='ocrx_word' id='word_1_249' title='bbox 577 2821 693 2850; x_wconf 84' lang='lat' dir='ltr'><strong>tamen</strong></span> <span class='ocrx_word' id='word_1_250' title='bbox 732 2815 768 2849; x_wconf 88' lang='lat' dir='ltr'><strong>in</strong></span> <span class='ocrx_word' id='word_1_251' title='bbox 799 2820 949 2849; x_wconf 79' lang='lat' dir='ltr'><strong>mentem</strong></span> <span class='ocrx_word' id='word_1_252' title='bbox 985 2816 1082 2849; x_wconf 80' lang='lat' dir='ltr'><strong>venit</strong></span> 
     </span>
     <span class='ocr_line' id='line_1_51' title="bbox 375 2865 1080 2910; baseline 0.003 -12"><span class='ocrx_word' id='word_1_253' title='bbox 375 2865 554 2909; x_wconf 81' lang='lat' dir='ltr'><strong>scripsisse</strong></span> <span class='ocrx_word' id='word_1_254' title='bbox 579 2866 762 2910; x_wconf 89' lang='lat' dir='ltr'><strong>Velleium‚</strong></span> <span class='ocrx_word' id='word_1_255' title='bbox 791 2867 924 2909; x_wconf 77' lang='lat' dir='ltr'><strong>laudati,</strong></span> <span class='ocrx_word' id='word_1_256' title='bbox 944 2866 1080 2909; x_wconf 81' lang='lat' dir='ltr'><strong>quicum-</strong></span> 
     </span>
    </p>
   </div>
   <div class='ocr_carea' id='block_1_3' title="bbox 670 272 1521 307">
    <p class='ocr_par' dir='ltr' id='par_1_8' title="bbox 670 272 1521 307">
     <span class='ocr_line' id='line_1_52' title="bbox 670 272 1521 307; baseline -0.002 -1"><span class='ocrx_word' id='word_1_257' title='bbox 670 273 815 306; x_wconf 79' lang='lat' dir='ltr'>NOTAE</span> <span class='ocrx_word' id='word_1_258' title='bbox 846 272 1114 307; x_wconf 79' lang='lat' dir='ltr'><strong>VARIORUM</strong></span> <span class='ocrx_word' id='word_1_259' title='bbox 1148 272 1200 304; x_wconf 84' lang='lat' dir='ltr'><strong>IN</strong></span> <span class='ocrx_word' id='word_1_260' title='bbox 1235 272 1521 306; x_wconf 70' lang='lat' dir='ltr'>PATERGUIA</span> 
     </span>
    </p>
   </div>
   <div class='ocr_carea' id='block_1_4' title="bbox 1121 366 1844 2906">
    <p class='ocr_par' dir='ltr' id='par_1_9' title="bbox 1121 366 1830 411">
     <span class='ocr_line' id='line_1_53' title="bbox 1121 366 1830 411; baseline -0.003 -10"><span class='ocrx_word' id='word_1_261' title='bbox 1121 377 1180 411; x_wconf 80' lang='lat' dir='ltr'><strong>que</strong></span> <span class='ocrx_word' id='word_1_262' title='bbox 1190 368 1272 401; x_wconf 75' lang='lat' dir='ltr'><strong>hisce</strong></span> <span class='ocrx_word' id='word_1_263' title='bbox 1285 369 1442 402; x_wconf 77' lang='lat' dir='ltr'><strong>exercitus</strong></span> <span class='ocrx_word' id='word_1_264' title='bbox 1455 368 1671 401; x_wconf 78' lang='lat' dir='ltr'><strong>tradidissent.</strong></span> <span class='ocrx_word' id='word_1_265' title='bbox 1694 366 1830 400; x_wconf 79' lang='lat' dir='ltr'><strong>Manat.</strong></span> 
     </span>
    </p>

    <p class='ocr_par' dir='ltr' id='par_1_10' title="bbox 1121 418 1832 555">
     <span class='ocr_line' id='line_1_54' title="bbox 1167 418 1832 462; baseline -0.002 -10"><span class='ocrx_word' id='word_1_266' title='bbox 1167 419 1278 461; x_wconf 54' lang='grc' dir='ltr'><strong>Κεφ]</strong></span> <span class='ocrx_word' id='word_1_267' title='bbox 1301 420 1414 462; x_wconf 75' lang='lat' dir='ltr'><strong>Vulgo</strong></span> <span class='ocrx_word' id='word_1_268' title='bbox 1433 419 1579 461; x_wconf 80' lang='lat' dir='ltr'><strong>Respubl.</strong></span> <span class='ocrx_word' id='word_1_269' title='bbox 1623 418 1735 461; x_wconf 51' lang='grc' dir='ltr'><strong>Κάρ]</strong></span> <span class='ocrx_word' id='word_1_270' title='bbox 1757 418 1832 455; x_wconf 77' lang='lat' dir='ltr'><strong>Me·</strong></span> 
     </span>
     <span class='ocr_line' id='line_1_55' title="bbox 1122 467 1831 513; baseline 0 -11"><span class='ocrx_word' id='word_1_271' title='bbox 1122 470 1187 503; x_wconf 82' lang='lat' dir='ltr'><strong>lius</strong></span> <span class='ocrx_word' id='word_1_272' title='bbox 1211 471 1292 513; x_wconf 84' lang='lat' dir='ltr'><strong>reip.</strong></span> <span class='ocrx_word' id='word_1_273' title='bbox 1312 475 1352 503; x_wconf 84' lang='lat' dir='ltr'><strong>ut</strong></span> <span class='ocrx_word' id='word_1_274' title='bbox 1376 470 1546 513; x_wconf 83' lang='lat' dir='ltr'><strong>Grypbio,</strong></span> <span class='ocrx_word' id='word_1_275' title='bbox 1568 467 1766 511; x_wconf 78' lang='lat' dir='ltr'><strong>Marneffio,</strong></span> <span class='ocrx_word' id='word_1_276' title='bbox 1792 471 1831 502; x_wconf 84' lang='lat' dir='ltr'><strong>et</strong></span> 
     </span>
     <span class='ocr_line' id='line_1_56' title="bbox 1121 522 1520 555; baseline 0.003 -1"><span class='ocrx_word' id='word_1_277' title='bbox 1121 522 1197 554; x_wconf 80' lang='lat' dir='ltr'><strong>aliis</strong></span> <span class='ocrx_word' id='word_1_278' title='bbox 1212 522 1353 555; x_wconf 88' lang='lat' dir='ltr'><strong>editum.</strong></span> <span class='ocrx_word' id='word_1_279' title='bbox 1381 522 1520 555; x_wconf 81' lang='lat' dir='ltr'><strong>Vossius.</strong></span> 
     </span>
    </p>

    <p class='ocr_par' dir='ltr' id='par_1_11' title="bbox 1121 571 1835 1176">
     <span class='ocr_line' id='line_1_57' title="bbox 1165 571 1830 615; baseline -0.003 -9"><span class='ocrx_word' id='word_1_280' title='bbox 1165 573 1196 606; x_wconf 74' lang='lat' dir='ltr'><strong><em>A</em></strong></span> <span class='ocrx_word' id='word_1_281' title='bbox 1212 573 1398 615; x_wconf 84' lang='lat' dir='ltr'><strong>volentibus]</strong></span> <span class='ocrx_word' id='word_1_282' title='bbox 1430 574 1557 606; x_wconf 83' lang='lat' dir='ltr'><strong>Forma</strong></span> <span class='ocrx_word' id='word_1_283' title='bbox 1579 571 1747 606; x_wconf 77' lang='lat' dir='ltr'><strong>sermonis</strong></span> <span class='ocrx_word' id='word_1_284' title='bbox 1763 580 1830 605; x_wconf 89' lang='lat' dir='ltr'><strong>non</strong></span> 
     </span>
     <span class='ocr_line' id='line_1_58' title="bbox 1121 623 1831 668; baseline -0.004 -10"><span class='ocrx_word' id='word_1_285' title='bbox 1121 625 1272 668; x_wconf 87' lang='lat' dir='ltr'><strong>protrita</strong></span> <span class='ocrx_word' id='word_1_286' title='bbox 1297 629 1334 658; x_wconf 91' lang='lat' dir='ltr'><strong>et</strong></span> <span class='ocrx_word' id='word_1_287' title='bbox 1361 624 1579 658; x_wconf 74' lang='lat' dir='ltr'><strong>conculcata.</strong></span> <span class='ocrx_word' id='word_1_288' title='bbox 1622 623 1753 657; x_wconf 81' lang='lat' dir='ltr'><strong>Noster</strong></span> <span class='ocrx_word' id='word_1_289' title='bbox 1780 623 1831 656; x_wconf 89' lang='lat' dir='ltr'><strong>in-</strong></span> 
     </span>
     <span class='ocr_line' id='line_1_59' title="bbox 1122 674 1831 719; baseline -0.001 -11"><span class='ocrx_word' id='word_1_290' title='bbox 1122 675 1189 717; x_wconf 84' lang='lat' dir='ltr'><strong>fra,</strong></span> <span class='ocrx_word' id='word_1_291' title='bbox 1219 677 1229 696; x_wconf 89' lang='lat'>‘</span> <span class='ocrx_word' id='word_1_292' title='bbox 1245 676 1454 719; x_wconf 81' lang='lat' dir='ltr'><strong>Vatinioque</strong></span> <span class='ocrx_word' id='word_1_293' title='bbox 1468 676 1562 709; x_wconf 82' lang='lat' dir='ltr'><strong>cirea</strong></span> <span class='ocrx_word' id='word_1_294' title='bbox 1575 674 1831 717; x_wconf 77' lang='lat' dir='ltr'><strong>Dyrrhachium</strong></span> 
     </span>
     <span class='ocr_line' id='line_1_60' title="bbox 1123 725 1831 768; baseline -0.003 -8"><span class='ocrx_word' id='word_1_295' title='bbox 1123 728 1278 760; x_wconf 86' lang='lat' dir='ltr'><strong>volentes</strong></span> <span class='ocrx_word' id='word_1_296' title='bbox 1295 727 1448 768; x_wconf 86' lang='lat' dir='ltr'><strong>legiones</strong></span> <span class='ocrx_word' id='word_1_297' title='bbox 1463 725 1681 760; x_wconf 65' lang='lat' dir='ltr'><strong>extorserat!</strong></span> <span class='ocrx_word' id='word_1_298' title='bbox 1711 726 1831 759; x_wconf 81' lang='lat' dir='ltr'><strong>Livius</strong></span> 
     </span>
     <span class='ocr_line' id='line_1_61' title="bbox 1122 773 1832 820; baseline -0.003 -9"><span class='ocrx_word' id='word_1_299' title='bbox 1122 778 1184 812; x_wconf 91' lang='lat' dir='ltr'><strong>lib.</strong></span> <span class='ocrx_word' id='word_1_300' title='bbox 1197 787 1277 811; x_wconf 79' lang='lat' dir='ltr'><strong>xxr.</strong></span> <span class='ocrx_word' id='word_1_301' title='bbox 1298 778 1308 796; x_wconf 82' lang='lat'><strong><em>⁴</em></strong></span> <span class='ocrx_word' id='word_1_302' title='bbox 1322 778 1464 811; x_wconf 82' lang='lat' dir='ltr'><strong>Grande</strong></span> <span class='ocrx_word' id='word_1_303' title='bbox 1477 777 1667 819; x_wconf 86' lang='lat' dir='ltr'><strong>periculum</strong></span> <span class='ocrx_word' id='word_1_304' title='bbox 1677 773 1832 820; x_wconf 80' lang='lat' dir='ltr'><strong>Lilybaeo</strong></span> 
     </span>
     <span class='ocr_line' id='line_1_62' title="bbox 1122 828 1834 872; baseline -0.003 -10"><span class='ocrx_word' id='word_1_305' title='bbox 1122 829 1371 872; x_wconf 83' lang='lat' dir='ltr'><strong>maritimisque</strong></span> <span class='ocrx_word' id='word_1_306' title='bbox 1386 828 1587 862; x_wconf 77' lang='lat' dir='ltr'><strong>civitatibus</strong></span> <span class='ocrx_word' id='word_1_307' title='bbox 1601 837 1687 870; x_wconf 72' lang='lat' dir='ltr'><strong>esee,</strong></span> <span class='ocrx_word' id='word_1_308' title='bbox 1701 831 1738 861; x_wconf 78' lang='lat' dir='ltr'><strong>et</strong></span> <span class='ocrx_word' id='word_1_309' title='bbox 1759 828 1834 871; x_wconf 87' lang='lat' dir='ltr'><strong>qui-</strong></span> 
     </span>
     <span class='ocr_line' id='line_1_63' title="bbox 1123 878 1832 913; baseline 0 -1"><span class='ocrx_word' id='word_1_310' title='bbox 1123 880 1267 913; x_wconf 86' lang='lat' dir='ltr'><strong>busdam</strong></span> <span class='ocrx_word' id='word_1_311' title='bbox 1295 879 1491 913; x_wconf 85' lang='lat' dir='ltr'><strong>volentibus</strong></span> <span class='ocrx_word' id='word_1_312' title='bbox 1517 889 1623 913; x_wconf 82' lang='lat' dir='ltr'><strong>novas</strong></span> <span class='ocrx_word' id='word_1_313' title='bbox 1646 889 1703 913; x_wconf 87' lang='lat' dir='ltr'><strong>res</strong></span> <span class='ocrx_word' id='word_1_314' title='bbox 1731 878 1832 912; x_wconf 60' lang='lat' dir='ltr'><strong>fore?</strong></span> 
     </span>
     <span class='ocr_line' id='line_1_64' title="bbox 1122 929 1830 973; baseline -0.001 -10"><span class='ocrx_word' id='word_1_315' title='bbox 1122 931 1305 964; x_wconf 85' lang='lat' dir='ltr'><strong>Sallustius</strong></span> <span class='ocrx_word' id='word_1_316' title='bbox 1341 930 1507 973; x_wconf 80' lang='lat' dir='ltr'><strong>Jugurth.</strong></span> <span class='ocrx_word' id='word_1_317' title='bbox 1540 931 1552 950; x_wconf 81' lang='lat'><strong><em>⁴</em></strong></span> <span class='ocrx_word' id='word_1_318' title='bbox 1569 929 1623 963; x_wconf 86' lang='lat' dir='ltr'><strong>nti</strong></span> <span class='ocrx_word' id='word_1_319' title='bbox 1664 930 1830 963; x_wconf 83' lang='lat' dir='ltr'><strong>militibus</strong></span> 
     </span>
     <span class='ocr_line' id='line_1_65' title="bbox 1123 980 1834 1025; baseline -0.004 -10"><span class='ocrx_word' id='word_1_320' title='bbox 1123 986 1324 1025; x_wconf 72' lang='lat' dir='ltr'><strong>exaequatus</strong></span> <span class='ocrx_word' id='word_1_321' title='bbox 1349 991 1427 1014; x_wconf 91' lang='lat' dir='ltr'><strong>cum</strong></span> <span class='ocrx_word' id='word_1_322' title='bbox 1443 980 1653 1024; x_wconf 87' lang='lat' dir='ltr'><strong>imperatore</strong></span> <span class='ocrx_word' id='word_1_323' title='bbox 1665 980 1761 1013; x_wconf 80' lang='lat' dir='ltr'><strong>labos</strong></span> <span class='ocrx_word' id='word_1_324' title='bbox 1777 989 1834 1012; x_wconf 80' lang='lat' dir='ltr'><strong>vo-</strong></span> 
     </span>
     <span class='ocr_line' id='line_1_66' title="bbox 1122 1030 1835 1070; baseline -0.006 -4"><span class='ocrx_word' id='word_1_325' title='bbox 1122 1033 1273 1066; x_wconf 88' lang='lat' dir='ltr'><strong>lentibus</strong></span> <span class='ocrx_word' id='word_1_326' title='bbox 1299 1031 1415 1065; x_wconf 61' lang='lat' dir='ltr'><strong>esset?</strong></span> <span class='ocrx_word' id='word_1_327' title='bbox 1458 1031 1604 1065; x_wconf 84' lang='lat' dir='ltr'><strong>Tacitus</strong></span> <span class='ocrx_word' id='word_1_328' title='bbox 1621 1031 1656 1063; x_wconf 90' lang='lat' dir='ltr'><strong>in</strong></span> <span class='ocrx_word' id='word_1_329' title='bbox 1670 1030 1835 1070; x_wconf 81' lang='lat' dir='ltr'><strong>historiis,</strong></span> 
     </span>
     <span class='ocr_line' id='line_1_67' title="bbox 1124 1080 1832 1125; baseline -0.004 -9"><span class='ocrx_word' id='word_1_330' title='bbox 1124 1087 1134 1103; x_wconf 81' lang='lat'><em>‘</em></span> <span class='ocrx_word' id='word_1_331' title='bbox 1152 1084 1194 1116; x_wconf 92' lang='lat' dir='ltr'><strong>In</strong></span> <span class='ocrx_word' id='word_1_332' title='bbox 1233 1083 1339 1116; x_wconf 81' lang='lat' dir='ltr'><strong>verba</strong></span> <span class='ocrx_word' id='word_1_333' title='bbox 1377 1082 1470 1125; x_wconf 85' lang='lat' dir='ltr'><strong>adigi</strong></span> <span class='ocrx_word' id='word_1_334' title='bbox 1508 1081 1704 1115; x_wconf 81' lang='lat' dir='ltr'><strong>volentibus</strong></span> <span class='ocrx_word' id='word_1_335' title='bbox 1743 1080 1832 1113; x_wconf 65' lang='lat' dir='ltr'><strong>fnit!</strong></span> 
     </span>
     <span class='ocr_line' id='line_1_68' title="bbox 1125 1135 1387 1176; baseline 0.004 -8"><span class='ocrx_word' id='word_1_336' title='bbox 1125 1135 1312 1176; x_wconf 74' lang='lat' dir='ltr'><strong>Schegkius.</strong></span> <span class='ocrx_word' id='word_1_337' title='bbox 1381 1163 1387 1169; x_wconf 95' lang='lat'><strong>.</strong></span> 
     </span>
    </p>

    <p class='ocr_par' dir='ltr' id='par_1_12' title="bbox 1124 1182 1841 2338">
     <span class='ocr_line' id='line_1_69' title="bbox 1170 1182 1834 1227; baseline -0.005 -9"><span class='ocrx_word' id='word_1_338' title='bbox 1170 1186 1264 1224; x_wconf 80' lang='lat' dir='ltr'><strong>Quod</strong></span> <span class='ocrx_word' id='word_1_339' title='bbox 1278 1184 1397 1227; x_wconf 80' lang='lat' dir='ltr'><strong>alieno]</strong></span> <span class='ocrx_word' id='word_1_340' title='bbox 1412 1185 1552 1227; x_wconf 88' lang='lat' dir='ltr'><strong>Inepte,</strong></span> <span class='ocrx_word' id='word_1_341' title='bbox 1562 1182 1659 1227; x_wconf 82' lang='lat' dir='ltr'><strong>quasi</strong></span> <span class='ocrx_word' id='word_1_342' title='bbox 1669 1182 1729 1215; x_wconf 88' lang='lat' dir='ltr'><strong>illa</strong></span> <span class='ocrx_word' id='word_1_343' title='bbox 1738 1192 1834 1216; x_wconf 79' lang='lat' dir='ltr'><strong>cans-</strong></span> 
     </span>
     <span class='ocr_line' id='line_1_70' title="bbox 1125 1233 1838 1278; baseline -0.004 -9"><span class='ocrx_word' id='word_1_344' title='bbox 1125 1246 1164 1269; x_wconf 89' lang='lat' dir='ltr'><strong>sa</strong></span> <span class='ocrx_word' id='word_1_345' title='bbox 1184 1240 1244 1269; x_wconf 89' lang='lat' dir='ltr'><strong>aut</strong></span> <span class='ocrx_word' id='word_1_346' title='bbox 1268 1235 1484 1278; x_wconf 73' lang='lat' dir='ltr'><strong>praescripfio</strong></span> <span class='ocrx_word' id='word_1_347' title='bbox 1510 1233 1684 1276; x_wconf 77' lang='lat' dir='ltr'><strong>triumphi.</strong></span> <span class='ocrx_word' id='word_1_348' title='bbox 1728 1233 1838 1275; x_wconf 77' lang='lat' dir='ltr'><strong>Lege,</strong></span> 
     </span>
     <span class='ocr_line' id='line_1_71' title="bbox 1125 1283 1836 1329; baseline -0.004 -11"><span class='ocrx_word' id='word_1_349' title='bbox 1125 1287 1179 1329; x_wconf 84' lang='lat' dir='ltr'><strong>qui</strong></span> <span class='ocrx_word' id='word_1_350' title='bbox 1193 1287 1304 1318; x_wconf 83' lang='lat' dir='ltr'><strong>alieno.</strong></span> <span class='ocrx_word' id='word_1_351' title='bbox 1327 1285 1474 1328; x_wconf 80' lang='lat' dir='ltr'><strong>Lipsius.</strong></span> <span class='ocrx_word' id='word_1_352' title='bbox 1513 1283 1732 1327; x_wconf 75' lang='lat' dir='ltr'><strong>Quodalieno]</strong></span> <span class='ocrx_word' id='word_1_353' title='bbox 1755 1283 1836 1316; x_wconf 80' lang='lat' dir='ltr'><strong>Nisi</strong></span> 
     </span>
     <span class='ocr_line' id='line_1_72' title="bbox 1124 1332 1837 1378; baseline -0.003 -10"><span class='ocrx_word' id='word_1_354' title='bbox 1124 1337 1270 1378; x_wconf 86' lang='lat' dir='ltr'><strong>vigilans</strong></span> <span class='ocrx_word' id='word_1_355' title='bbox 1287 1336 1432 1377; x_wconf 88' lang='lat' dir='ltr'><strong>somnio,</strong></span> <span class='ocrx_word' id='word_1_356' title='bbox 1450 1332 1647 1377; x_wconf 79' lang='lat' dir='ltr'><strong>legendum,</strong></span> <span class='ocrx_word' id='word_1_357' title='bbox 1673 1344 1764 1376; x_wconf 71' lang='lat' dir='ltr'><strong>quom</strong></span> <span class='ocrx_word' id='word_1_358' title='bbox 1776 1332 1837 1366; x_wconf 79' lang='lat' dir='ltr'><strong>ali-</strong></span> 
     </span>
     <span class='ocr_line' id='line_1_73' title="bbox 1124 1385 1838 1429; baseline -0.003 -11"><span class='ocrx_word' id='word_1_359' title='bbox 1124 1396 1181 1419; x_wconf 86' lang='lat' dir='ltr'><strong>eno</strong></span> <span class='ocrx_word' id='word_1_360' title='bbox 1196 1386 1340 1429; x_wconf 67' lang='lat' dir='ltr'><strong>beneficio</strong></span> <span class='ocrx_word' id='word_1_361' title='bbox 1358 1387 1502 1419; x_wconf 74' lang='lat' dir='ltr'><strong>viveret:</strong></span> <span class='ocrx_word' id='word_1_362' title='bbox 1532 1385 1676 1418; x_wconf 88' lang='lat' dir='ltr'><strong>Octavii</strong></span> <span class='ocrx_word' id='word_1_363' title='bbox 1699 1392 1838 1427; x_wconf 86' lang='lat' dir='ltr'><strong>nempe,</strong></span> 
     </span>
     <span class='ocr_line' id='line_1_74' title="bbox 1126 1435 1838 1480; baseline -0.003 -10"><span class='ocrx_word' id='word_1_364' title='bbox 1126 1447 1146 1469; x_wconf 85' lang='lat' dir='ltr'><strong>a</strong></span> <span class='ocrx_word' id='word_1_365' title='bbox 1161 1447 1229 1480; x_wconf 90' lang='lat' dir='ltr'><strong>quo</strong></span> <span class='ocrx_word' id='word_1_366' title='bbox 1254 1437 1447 1470; x_wconf 83' lang='lat' dir='ltr'><strong>Mutinensi</strong></span> <span class='ocrx_word' id='word_1_367' title='bbox 1469 1436 1646 1469; x_wconf 86' lang='lat' dir='ltr'><strong>obsidione</strong></span> <span class='ocrx_word' id='word_1_368' title='bbox 1669 1435 1838 1468; x_wconf 82' lang='lat' dir='ltr'><strong>liberatus</strong></span> 
     </span>
     <span class='ocr_line' id='line_1_75' title="bbox 1125 1486 1838 1522; baseline -0.003 -2"><span class='ocrx_word' id='word_1_369' title='bbox 1125 1486 1252 1522; x_wconf 80' lang='lat' dir='ltr'><strong>fuerat.</strong></span> <span class='ocrx_word' id='word_1_370' title='bbox 1294 1487 1468 1520; x_wconf 87' lang='lat' dir='ltr'><strong>Invidiose</strong></span> <span class='ocrx_word' id='word_1_371' title='bbox 1489 1487 1555 1520; x_wconf 86' lang='lat' dir='ltr'><strong>hoc</strong></span> <span class='ocrx_word' id='word_1_372' title='bbox 1569 1486 1738 1519; x_wconf 80' lang='lat' dir='ltr'><strong>Velleius.</strong></span> <span class='ocrx_word' id='word_1_373' title='bbox 1761 1486 1838 1519; x_wconf 73' lang='lat' dir='ltr'><strong>Aci-</strong></span> 
     </span>
     <span class='ocr_line' id='line_1_76' title="bbox 1125 1534 1839 1579; baseline -0.004 -8"><span class='ocrx_word' id='word_1_374' title='bbox 1125 1539 1189 1572; x_wconf 83' lang='lat' dir='ltr'><strong>dal.</strong></span> <span class='ocrx_word' id='word_1_375' title='bbox 1245 1538 1338 1575; x_wconf 80' lang='lat' dir='ltr'><strong>Quod</strong></span> <span class='ocrx_word' id='word_1_376' title='bbox 1366 1534 1484 1579; x_wconf 82' lang='lat' dir='ltr'><strong>alieno]</strong></span> <span class='ocrx_word' id='word_1_377' title='bbox 1528 1537 1659 1569; x_wconf 85' lang='lat' dir='ltr'><strong>Nescio</strong></span> <span class='ocrx_word' id='word_1_378' title='bbox 1688 1546 1750 1569; x_wconf 90' lang='lat' dir='ltr'><strong>cnr</strong></span> <span class='ocrx_word' id='word_1_379' title='bbox 1774 1536 1839 1568; x_wconf 90' lang='lat' dir='ltr'><strong>boc</strong></span> 
     </span>
     <span class='ocr_line' id='line_1_77' title="bbox 1126 1586 1838 1630; baseline -0.004 -9"><span class='ocrx_word' id='word_1_380' title='bbox 1126 1593 1297 1621; x_wconf 87' lang='lat' dir='ltr'><strong>mutatum</strong></span> <span class='ocrx_word' id='word_1_381' title='bbox 1312 1588 1466 1630; x_wconf 89' lang='lat' dir='ltr'><strong>cupiant.</strong></span> <span class='ocrx_word' id='word_1_382' title='bbox 1511 1586 1641 1630; x_wconf 87' lang='lat' dir='ltr'><strong>Utique</strong></span> <span class='ocrx_word' id='word_1_383' title='bbox 1663 1586 1788 1628; x_wconf 82' lang='lat' dir='ltr'><strong>alieno,</strong></span> <span class='ocrx_word' id='word_1_384' title='bbox 1802 1587 1838 1619; x_wconf 88' lang='lat' dir='ltr'><strong>id</strong></span> 
     </span>
     <span class='ocr_line' id='line_1_78' title="bbox 1127 1638 1840 1682; baseline -0.001 -9"><span class='ocrx_word' id='word_1_385' title='bbox 1127 1645 1192 1682; x_wconf 80' lang='lat' dir='ltr'><strong>est,</strong></span> <span class='ocrx_word' id='word_1_386' title='bbox 1213 1641 1363 1674; x_wconf 83' lang='lat' dir='ltr'><strong>Caesaris</strong></span> <span class='ocrx_word' id='word_1_387' title='bbox 1385 1639 1529 1672; x_wconf 86' lang='lat' dir='ltr'><strong>Octavii</strong></span> <span class='ocrx_word' id='word_1_388' title='bbox 1554 1638 1726 1672; x_wconf 82' lang='lat' dir='ltr'><strong>beneficio</strong></span> <span class='ocrx_word' id='word_1_389' title='bbox 1752 1639 1840 1672; x_wconf 77' lang='lat' dir='ltr'><strong>vixit</strong></span> 
     </span>
     <span class='ocr_line' id='line_1_79' title="bbox 1127 1689 1838 1733; baseline -0.001 -10"><span class='ocrx_word' id='word_1_390' title='bbox 1127 1691 1271 1732; x_wconf 87' lang='lat' dir='ltr'><strong>Brutus,</strong></span> <span class='ocrx_word' id='word_1_391' title='bbox 1282 1691 1377 1733; x_wconf 88' lang='lat' dir='ltr'><strong>cujus</strong></span> <span class='ocrx_word' id='word_1_392' title='bbox 1387 1690 1515 1722; x_wconf 87' lang='lat' dir='ltr'><strong>milites</strong></span> <span class='ocrx_word' id='word_1_393' title='bbox 1529 1689 1615 1723; x_wconf 84' lang='lat' dir='ltr'><strong>nihil</strong></span> <span class='ocrx_word' id='word_1_394' title='bbox 1629 1689 1721 1722; x_wconf 79' lang='lat' dir='ltr'><strong>aliud</strong></span> <span class='ocrx_word' id='word_1_395' title='bbox 1737 1698 1838 1732; x_wconf 86' lang='lat' dir='ltr'><strong>qnam</strong></span> 
     </span>
     <span class='ocr_line' id='line_1_80' title="bbox 1128 1741 1840 1785; baseline -0.006 -8"><span class='ocrx_word' id='word_1_396' title='bbox 1128 1744 1173 1777; x_wconf 89' lang='lat' dir='ltr'><strong>de</strong></span> <span class='ocrx_word' id='word_1_397' title='bbox 1186 1754 1285 1776; x_wconf 88' lang='lat' dir='ltr'><strong>muro</strong></span> <span class='ocrx_word' id='word_1_398' title='bbox 1300 1746 1504 1785; x_wconf 88' lang='lat' dir='ltr'><strong>spectarunt</strong></span> <span class='ocrx_word' id='word_1_399' title='bbox 1519 1742 1688 1784; x_wconf 61' lang='lat' dir='ltr'><strong>praelium,</strong></span> <span class='ocrx_word' id='word_1_400' title='bbox 1700 1741 1790 1774; x_wconf 86' lang='lat' dir='ltr'><strong>sicut</strong></span> <span class='ocrx_word' id='word_1_401' title='bbox 1805 1742 1840 1774; x_wconf 90' lang='lat' dir='ltr'><strong>in</strong></span> 
     </span>
     <span class='ocr_line' id='line_1_81' title="bbox 1128 1792 1839 1838; baseline -0.004 -10"><span class='ocrx_word' id='word_1_402' title='bbox 1128 1794 1345 1838; x_wconf 84' lang='lat' dir='ltr'><strong>expositione</strong></span> <span class='ocrx_word' id='word_1_403' title='bbox 1370 1793 1470 1836; x_wconf 86' lang='lat' dir='ltr'><strong>hujus</strong></span> <span class='ocrx_word' id='word_1_404' title='bbox 1497 1792 1651 1826; x_wconf 82' lang='lat' dir='ltr'><strong>historiae</strong></span> <span class='ocrx_word' id='word_1_405' title='bbox 1667 1792 1751 1826; x_wconf 68' lang='lat' dir='ltr'><strong>⁴Dio</strong></span> <span class='ocrx_word' id='word_1_406' title='bbox 1779 1803 1839 1825; x_wconf 92' lang='lat' dir='ltr'><strong>no-</strong></span> 
     </span>
     <span class='ocr_line' id='line_1_82' title="bbox 1127 1843 1839 1887; baseline -0.003 -9"><span class='ocrx_word' id='word_1_407' title='bbox 1127 1849 1193 1878; x_wconf 87' lang='lat' dir='ltr'><strong>tat.</strong></span> <span class='ocrx_word' id='word_1_408' title='bbox 1245 1844 1372 1887; x_wconf 85' lang='lat' dir='ltr'><strong>Itaque</strong></span> <span class='ocrx_word' id='word_1_409' title='bbox 1409 1843 1495 1876; x_wconf 89' lang='lat' dir='ltr'><strong>illud</strong></span> <span class='ocrx_word' id='word_1_410' title='bbox 1535 1845 1616 1886; x_wconf 77' lang='lat' dir='ltr'><strong>quod</strong></span> <span class='ocrx_word' id='word_1_411' title='bbox 1649 1843 1839 1885; x_wconf 70' lang='grc' dir='ltr'><strong><em>ἐμφατικῶς,</em></strong></span> 
     </span>
     <span class='ocr_line' id='line_1_83' title="bbox 1129 1894 1839 1938; baseline -0.001 -8"><span class='ocrx_word' id='word_1_412' title='bbox 1129 1906 1194 1930; x_wconf 89' lang='lat' dir='ltr'><strong>nec</strong></span> <span class='ocrx_word' id='word_1_413' title='bbox 1222 1896 1296 1929; x_wconf 89' lang='lat' dir='ltr'><strong>sine</strong></span> <span class='ocrx_word' id='word_1_414' title='bbox 1319 1896 1444 1938; x_wconf 86' lang='lat' dir='ltr'><strong>ironia,</strong></span> <span class='ocrx_word' id='word_1_415' title='bbox 1457 1899 1653 1938; x_wconf 84' lang='lat' dir='ltr'><strong>opportune</strong></span> <span class='ocrx_word' id='word_1_416' title='bbox 1669 1905 1690 1928; x_wconf 88' lang='lat' dir='ltr'><strong>a</strong></span> <span class='ocrx_word' id='word_1_417' title='bbox 1703 1894 1839 1929; x_wconf 87' lang='lat' dir='ltr'><strong>Velleio</strong></span> 
     </span>
     <span class='ocr_line' id='line_1_84' title="bbox 1128 1945 1840 1990; baseline 0 -11"><span class='ocrx_word' id='word_1_418' title='bbox 1128 1951 1326 1990; x_wconf 88' lang='lat' dir='ltr'><strong>usurpatur.</strong></span> <span class='ocrx_word' id='word_1_419' title='bbox 1371 1947 1382 1966; x_wconf 87' lang='lat'>‘</span> <span class='ocrx_word' id='word_1_420' title='bbox 1409 1947 1586 1979; x_wconf 88' lang='lat' dir='ltr'><strong>Decretns</strong></span> <span class='ocrx_word' id='word_1_421' title='bbox 1608 1945 1687 1987; x_wconf 86' lang='lat' dir='ltr'><strong>est‚&#39;</strong></span> <span class='ocrx_word' id='word_1_422' title='bbox 1713 1945 1840 1989; x_wconf 87' lang='lat' dir='ltr'><strong>inquit,</strong></span> 
     </span>
     <span class='ocr_line' id='line_1_85' title="bbox 1127 1996 1840 2039; baseline -0.001 -10"><span class='ocrx_word' id='word_1_423' title='bbox 1127 1997 1138 2016; x_wconf 77' lang='lat'><strong><em>⁴</em></strong></span> <span class='ocrx_word' id='word_1_424' title='bbox 1155 1998 1266 2030; x_wconf 89' lang='lat' dir='ltr'><strong>Bruto</strong></span> <span class='ocrx_word' id='word_1_425' title='bbox 1282 1996 1496 2039; x_wconf 65' lang='lat' dir='ltr'><strong>triumphus:</strong></span> <span class='ocrx_word' id='word_1_426' title='bbox 1540 1996 1600 2030; x_wconf 87' lang='lat' dir='ltr'><strong>Ob</strong></span> <span class='ocrx_word' id='word_1_427' title='bbox 1614 2006 1693 2039; x_wconf 75' lang='lat' dir='ltr'><strong>quas</strong></span> <span class='ocrx_word' id='word_1_428' title='bbox 1705 2006 1758 2029; x_wconf 78' lang='lat' dir='ltr'><strong>res</strong></span> <span class='ocrx_word' id='word_1_429' title='bbox 1769 2006 1840 2037; x_wconf 82' lang='lat' dir='ltr'><strong>ges-</strong></span> 
     </span>
     <span class='ocr_line' id='line_1_86' title="bbox 1128 2047 1839 2092; baseline -0.003 -10"><span class='ocrx_word' id='word_1_430' title='bbox 1128 2047 1204 2082; x_wconf 76' lang='lat' dir='ltr'><strong>tas?</strong></span> <span class='ocrx_word' id='word_1_431' title='bbox 1229 2049 1473 2092; x_wconf 82' lang='lat' dir='ltr'><strong>Responderet</strong></span> <span class='ocrx_word' id='word_1_432' title='bbox 1487 2048 1576 2090; x_wconf 69' lang='grc' dir='ltr'><strong><em>εἴρων</em></strong></span> <span class='ocrx_word' id='word_1_433' title='bbox 1589 2048 1724 2090; x_wconf 82' lang='lat' dir='ltr'><strong>aliquis,</strong></span> <span class='ocrx_word' id='word_1_434' title='bbox 1747 2048 1839 2091; x_wconf 85' lang='lat' dir='ltr'><strong>qnod</strong></span> 
     </span>
     <span class='ocr_line' id='line_1_87' title="bbox 1127 2100 1840 2141; baseline -0.003 -8"><span class='ocrx_word' id='word_1_435' title='bbox 1127 2100 1313 2133; x_wconf 85' lang='lat' dir='ltr'><strong>incolumis</strong></span> <span class='ocrx_word' id='word_1_436' title='bbox 1336 2100 1460 2141; x_wconf 88' lang='lat' dir='ltr'><strong>evasit,</strong></span> <span class='ocrx_word' id='word_1_437' title='bbox 1485 2108 1556 2132; x_wconf 89' lang='lat' dir='ltr'><strong>non</strong></span> <span class='ocrx_word' id='word_1_438' title='bbox 1583 2107 1665 2131; x_wconf 84' lang='lat' dir='ltr'><strong>saue</strong></span> <span class='ocrx_word' id='word_1_439' title='bbox 1690 2108 1751 2133; x_wconf 78' lang='lat' dir='ltr'><strong>sua</strong></span> <span class='ocrx_word' id='word_1_440' title='bbox 1779 2104 1840 2131; x_wconf 85' lang='lat' dir='ltr'><strong>aut</strong></span> 
     </span>
     <span class='ocr_line' id='line_1_88' title="bbox 1130 2149 1840 2192; baseline -0.003 -8"><span class='ocrx_word' id='word_1_441' title='bbox 1130 2161 1270 2184; x_wconf 87' lang='lat' dir='ltr'><strong>suorum</strong></span> <span class='ocrx_word' id='word_1_442' title='bbox 1295 2151 1443 2184; x_wconf 84' lang='lat' dir='ltr'><strong>rnilitum</strong></span> <span class='ocrx_word' id='word_1_443' title='bbox 1468 2151 1611 2192; x_wconf 85' lang='lat' dir='ltr'><strong>virtute,</strong></span> <span class='ocrx_word' id='word_1_444' title='bbox 1637 2149 1698 2182; x_wconf 82' lang='lat' dir='ltr'><strong>sed</strong></span> <span class='ocrx_word' id='word_1_445' title='bbox 1727 2150 1840 2183; x_wconf 89' lang='lat' dir='ltr'><strong>alieno</strong></span> 
     </span>
     <span class='ocr_line' id='line_1_89' title="bbox 1131 2201 1840 2244; baseline -0.001 -9"><span class='ocrx_word' id='word_1_446' title='bbox 1131 2202 1313 2244; x_wconf 88' lang='lat' dir='ltr'><strong>beneficio,</strong></span> <span class='ocrx_word' id='word_1_447' title='bbox 1323 2206 1361 2236; x_wconf 86' lang='lat' dir='ltr'><strong>et</strong></span> <span class='ocrx_word' id='word_1_448' title='bbox 1370 2202 1521 2236; x_wconf 71' lang='lat' dir='ltr'><strong>Caesaris</strong></span> <span class='ocrx_word' id='word_1_449' title='bbox 1534 2201 1675 2235; x_wconf 85' lang='lat' dir='ltr'><strong>Octavii</strong></span> <span class='ocrx_word' id='word_1_450' title='bbox 1684 2202 1840 2236; x_wconf 76' lang='lat' dir='ltr'><strong>victoria.</strong></span> 
     </span>
     <span class='ocr_line' id='line_1_90' title="bbox 1129 2253 1841 2298; baseline -0.003 -10"><span class='ocrx_word' id='word_1_451' title='bbox 1129 2254 1174 2288; x_wconf 90' lang='lat' dir='ltr'><strong>Id</strong></span> <span class='ocrx_word' id='word_1_452' title='bbox 1194 2254 1355 2287; x_wconf 88' lang='lat' dir='ltr'><strong>nimirum</strong></span> <span class='ocrx_word' id='word_1_453' title='bbox 1370 2258 1459 2295; x_wconf 83' lang='lat' dir='ltr'><strong>erat,</strong></span> <span class='ocrx_word' id='word_1_454' title='bbox 1470 2253 1515 2287; x_wconf 89' lang='lat' dir='ltr'><strong>ob</strong></span> <span class='ocrx_word' id='word_1_455' title='bbox 1524 2253 1616 2298; x_wconf 84' lang='lat' dir='ltr'><strong>quod</strong></span> <span class='ocrx_word' id='word_1_456' title='bbox 1629 2253 1841 2296; x_wconf 79' lang='lat' dir='ltr'><strong>triumphare</strong></span> 
     </span>
     <span class='ocr_line' id='line_1_91' title="bbox 1129 2305 1599 2338; baseline -0.002 0"><span class='ocrx_word' id='word_1_457' title='bbox 1129 2305 1287 2338; x_wconf 88' lang='lat' dir='ltr'><strong>deberet.</strong></span> <span class='ocrx_word' id='word_1_458' title='bbox 1310 2305 1455 2338; x_wconf 82' lang='lat' dir='ltr'><strong>Boeoler.</strong></span> <span class='ocrx_word' id='word_1_459' title='bbox 1595 2324 1599 2328; x_wconf 89' lang='lat'>·</span> 
     </span>
    </p>

    <p class='ocr_par' dir='ltr' id='par_1_13' title="bbox 1128 2355 1844 2906">
     <span class='ocr_line' id='line_1_92' title="bbox 1172 2355 1842 2398; baseline 0.003 -10"><span class='ocrx_word' id='word_1_460' title='bbox 1172 2356 1289 2388; x_wconf 72' lang='lat' dir='ltr'><strong>Pansa</strong></span> <span class='ocrx_word' id='word_1_461' title='bbox 1312 2359 1405 2397; x_wconf 82' lang='lat' dir='ltr'><strong>atque</strong></span> <span class='ocrx_word' id='word_1_462' title='bbox 1431 2355 1539 2389; x_wconf 78' lang='lat' dir='ltr'><strong>Hirtii</strong></span> <span class='ocrx_word' id='word_1_463' title='bbox 1561 2355 1706 2398; x_wconf 75' lang='lat' dir='ltr'><strong>corpora]</strong></span> <span class='ocrx_word' id='word_1_464' title='bbox 1738 2357 1842 2390; x_wconf 82' lang='lat' dir='ltr'><strong>Vale-</strong></span> 
     </span>
     <span class='ocr_line' id='line_1_93' title="bbox 1128 2406 1840 2449; baseline 0.001 -10"><span class='ocrx_word' id='word_1_465' title='bbox 1128 2406 1201 2440; x_wconf 88' lang='lat' dir='ltr'><strong>rius</strong></span> <span class='ocrx_word' id='word_1_466' title='bbox 1215 2407 1275 2439; x_wconf 87' lang='lat' dir='ltr'><strong>lib.</strong></span> <span class='ocrx_word' id='word_1_467' title='bbox 1289 2416 1325 2439; x_wconf 83' lang='lat' dir='ltr'><strong>v.</strong></span> <span class='ocrx_word' id='word_1_468' title='bbox 1340 2410 1373 2440; x_wconf 78' lang='lat'><strong>2.</strong></span> <span class='ocrx_word' id='word_1_469' title='bbox 1405 2406 1416 2424; x_wconf 87' lang='lat'>‘</span> <span class='ocrx_word' id='word_1_470' title='bbox 1433 2407 1485 2439; x_wconf 91' lang='lat' dir='ltr'><strong>M.</strong></span> <span class='ocrx_word' id='word_1_471' title='bbox 1512 2407 1667 2440; x_wconf 88' lang='lat' dir='ltr'><strong>Cornuto</strong></span> <span class='ocrx_word' id='word_1_472' title='bbox 1689 2411 1840 2449; x_wconf 68' lang='lat' dir='ltr'><strong>praetore</strong></span> 
     </span>
     <span class='ocr_line' id='line_1_94' title="bbox 1129 2456 1840 2499; baseline 0.001 -10"><span class='ocrx_word' id='word_1_473' title='bbox 1129 2456 1232 2490; x_wconf 83' lang='lat' dir='ltr'><strong>funus</strong></span> <span class='ocrx_word' id='word_1_474' title='bbox 1247 2457 1354 2490; x_wconf 88' lang='lat' dir='ltr'><strong>Hirtii</strong></span> <span class='ocrx_word' id='word_1_475' title='bbox 1370 2461 1406 2490; x_wconf 85' lang='lat' dir='ltr'><strong>et</strong></span> <span class='ocrx_word' id='word_1_476' title='bbox 1430 2457 1554 2490; x_wconf 82' lang='lat' dir='ltr'><strong>Pansae</strong></span> <span class='ocrx_word' id='word_1_477' title='bbox 1570 2457 1671 2499; x_wconf 87' lang='lat' dir='ltr'><strong>jussu</strong></span> <span class='ocrx_word' id='word_1_478' title='bbox 1698 2462 1840 2491; x_wconf 80' lang='lat' dir='ltr'><strong>senatus</strong></span> 
     </span>
     <span class='ocr_line' id='line_1_95' title="bbox 1128 2504 1841 2551; baseline 0 -10"><span class='ocrx_word' id='word_1_479' title='bbox 1128 2508 1284 2550; x_wconf 86' lang='lat' dir='ltr'><strong>locante,</strong></span> <span class='ocrx_word' id='word_1_480' title='bbox 1298 2507 1356 2551; x_wconf 89' lang='lat' dir='ltr'><strong>qui</strong></span> <span class='ocrx_word' id='word_1_481' title='bbox 1372 2511 1457 2541; x_wconf 89' lang='lat' dir='ltr'><strong>tunc</strong></span> <span class='ocrx_word' id='word_1_482' title='bbox 1483 2506 1672 2540; x_wconf 81' lang='lat' dir='ltr'><strong>Libitinam</strong></span> <span class='ocrx_word' id='word_1_483' title='bbox 1695 2504 1841 2542; x_wconf 69' lang='lat' dir='ltr'><strong>&#39;exerce-</strong></span> 
     </span>
     <span class='ocr_line' id='line_1_96' title="bbox 1129 2559 1840 2601; baseline 0 -10"><span class='ocrx_word' id='word_1_484' title='bbox 1129 2559 1227 2601; x_wconf 87' lang='lat' dir='ltr'><strong>bant,</strong></span> <span class='ocrx_word' id='word_1_485' title='bbox 1240 2568 1318 2591; x_wconf 86' lang='lat' dir='ltr'><strong>cum</strong></span> <span class='ocrx_word' id='word_1_486' title='bbox 1337 2567 1455 2591; x_wconf 87' lang='lat' dir='ltr'><strong>rerum</strong></span> <span class='ocrx_word' id='word_1_487' title='bbox 1480 2567 1618 2590; x_wconf 86' lang='lat' dir='ltr'><strong>suarum</strong></span> <span class='ocrx_word' id='word_1_488' title='bbox 1643 2567 1752 2599; x_wconf 80' lang='lat' dir='ltr'><strong>nsum,</strong></span> <span class='ocrx_word' id='word_1_489' title='bbox 1767 2563 1840 2591; x_wconf 88' lang='lat' dir='ltr'><strong>tum</strong></span> 
     </span>
     <span class='ocr_line' id='line_1_97' title="bbox 1129 2602 1837 2650; baseline -0.001 -9"><span class='ocrx_word' id='word_1_490' title='bbox 1129 2608 1357 2642; x_wconf 85' lang='lat' dir='ltr'><strong>ministerium</strong></span> <span class='ocrx_word' id='word_1_491' title='bbox 1373 2617 1472 2641; x_wconf 84' lang='lat' dir='ltr'><strong>suum</strong></span> <span class='ocrx_word' id='word_1_492' title='bbox 1490 2607 1676 2650; x_wconf 83' lang='lat' dir='ltr'><strong>gratuitum</strong></span> <span class='ocrx_word' id='word_1_493' title='bbox 1691 2602 1837 2650; x_wconf 81' lang='lat' dir='ltr'><strong>polliciti</strong></span> 
     </span>
     <span class='ocr_line' id='line_1_98' title="bbox 1131 2658 1840 2702; baseline 0 -10"><span class='ocrx_word' id='word_1_494' title='bbox 1131 2663 1223 2701; x_wconf 90' lang='lat' dir='ltr'><strong>sunt,</strong></span> <span class='ocrx_word' id='word_1_495' title='bbox 1247 2659 1329 2702; x_wconf 87' lang='lat' dir='ltr'><strong>quia</strong></span> <span class='ocrx_word' id='word_1_496' title='bbox 1350 2659 1386 2691; x_wconf 88' lang='lat' dir='ltr'><strong>hi</strong></span> <span class='ocrx_word' id='word_1_497' title='bbox 1414 2668 1478 2701; x_wconf 88' lang='lat' dir='ltr'><strong>pro</strong></span> <span class='ocrx_word' id='word_1_498' title='bbox 1506 2660 1595 2701; x_wconf 87' lang='lat' dir='ltr'><strong>Rep.</strong></span> <span class='ocrx_word' id='word_1_499' title='bbox 1635 2658 1840 2692; x_wconf 79' lang='lat' dir='ltr'><strong>dimicantes</strong></span> 
     </span>
     <span class='ocr_line' id='line_1_99' title="bbox 1131 2708 1844 2752; baseline 0 -9"><span class='ocrx_word' id='word_1_500' title='bbox 1131 2710 1352 2751; x_wconf 86' lang='lat' dir='ltr'><strong>occiderant;</strong></span> <span class='ocrx_word' id='word_1_501' title='bbox 1391 2708 1698 2751; x_wconf 85' lang='lat' dir='ltr'><strong>perseverantique</strong></span> <span class='ocrx_word' id='word_1_502' title='bbox 1725 2714 1844 2752; x_wconf 84' lang='lat' dir='ltr'><strong>postu-</strong></span> 
     </span>
     <span class='ocr_line' id='line_1_100' title="bbox 1129 2759 1841 2803; baseline -0.001 -9"><span class='ocrx_word' id='word_1_503' title='bbox 1129 2762 1260 2794; x_wconf 88' lang='lat' dir='ltr'><strong>latione</strong></span> <span class='ocrx_word' id='word_1_504' title='bbox 1286 2760 1508 2802; x_wconf 82' lang='lat' dir='ltr'><strong>extuderunt,</strong></span> <span class='ocrx_word' id='word_1_505' title='bbox 1535 2764 1575 2793; x_wconf 87' lang='lat' dir='ltr'><strong>ut</strong></span> <span class='ocrx_word' id='word_1_506' title='bbox 1600 2759 1841 2803; x_wconf 83' lang='lat' dir='ltr'><strong>exsequiarum</strong></span> 
     </span>
     <span class='ocr_line' id='line_1_101' title="bbox 1131 2811 1841 2857; baseline 0 -12"><span class='ocrx_word' id='word_1_507' title='bbox 1131 2818 1273 2857; x_wconf 78' lang='lat' dir='ltr'><strong>paratus</strong></span> <span class='ocrx_word' id='word_1_508' title='bbox 1289 2812 1452 2846; x_wconf 87' lang='lat' dir='ltr'><strong>sestertio</strong></span> <span class='ocrx_word' id='word_1_509' title='bbox 1475 2821 1576 2844; x_wconf 89' lang='lat' dir='ltr'><strong>numo</strong></span> <span class='ocrx_word' id='word_1_510' title='bbox 1600 2811 1683 2854; x_wconf 87' lang='lat' dir='ltr'><strong>ipsis</strong></span> <span class='ocrx_word' id='word_1_511' title='bbox 1703 2812 1841 2847; x_wconf 84' lang='lat' dir='ltr'><strong>addice-</strong></span> 
     </span>
     <span class='ocr_line' id='line_1_102' title="bbox 1132 2861 1841 2906; baseline -0.001 -9"><span class='ocrx_word' id='word_1_512' title='bbox 1132 2863 1252 2897; x_wconf 86' lang='lat' dir='ltr'><strong>retur.&#39;</strong></span> <span class='ocrx_word' id='word_1_513' title='bbox 1295 2865 1422 2897; x_wconf 84' lang='lat' dir='ltr'><strong>Locum</strong></span> <span class='ocrx_word' id='word_1_514' title='bbox 1445 2863 1611 2906; x_wconf 82' lang='lat' dir='ltr'><strong>exscripsi</strong></span> <span class='ocrx_word' id='word_1_515' title='bbox 1637 2873 1681 2896; x_wconf 88' lang='lat' dir='ltr'><strong>ex</strong></span> <span class='ocrx_word' id='word_1_516' title='bbox 1710 2861 1841 2906; x_wconf 85' lang='lat' dir='ltr'><strong>optimo</strong></span> 
     </span>
    </p>
   </div>
  </div>
 </body>
</html>
