2008 3210
543 244 795 279 ms'romffl
831 242 1055 276 ROMANAE
1090 244 1186 275 mn.
1219 244 1272 275 11.
1303 234 1348 275 3.

226 341 424 386 coloniisque
435 336 645 385 deducendis]
661 341 825 375 colonias
841 352 894 375 er·

181 405 226 440 go
252 395 398 428 deduxit
424 394 605 428 Tiberius?
643 395 736 428 Cave
759 393 894 427 eredas.

180 447 353 480 LitteruIa
367 456 411 479 ne
426 450 463 479 te
486 437 676 487 induxerit,
689 445 770 489 quin
785 445 894 487 magis

180 498 280 531 tolle.
324 497 416 531 Nam
431 496 574 541 scripsit
588 497 756 539 Velleius,
766 496 895 530 colonis·

180 560 251 592 que.
288 548 462 591 Intelligit
475 553 590 582 antem
603 548 664 581 bos
678 547 803 591 quibus
820 547 896 589 agri

180 600 369 643 adsignati,
394 600 522 644 quique
550 600 587 632 in
616 609 676 632 eoa
699 598 896 632 deducendi

180 650 291 684 futuri
319 651 433 684 coloni
471 660 591 684 eornm
620 650 694 684 sive
729 651 895 683 cultores.

182 701 351 745 Γευργοὺς,
361 702 510 747 inquam,
519 702 576 735 οὐκ
583 701 741 735 ἀποίκους.
756 702 896 744 Lipsius.

184 754 379 796 Coloniisque
393 753 597 796 deducendis]
622 754 810 795 Catonisque
823 753 896 786 ded.

180 806 268 849 legit
293 816 338 839 ex
367 805 438 838 fide
463 806 616 839 historiae
641 805 792 848 Lipsius.
838 804 898 838 Ita

181 851 298 890 malim
322 867 417 899 sane,
436 866 538 901 quam
561 867 639 890 cum
660 857 815 890 Grutero
840 856 897 889 hie

182 909 320 943 colonias
334 918 397 952 pro
420 909 548 951 colman,
562 907 684 941 eodem
710 917 826 950 sensu,
841 917 897 941 ac·

183 959 314 1003 cipere.
337 960 519 993 Boeclerns.

227 1011 318 1044 Cat».
327 1012 359 1043 8.
368 1009 477 1053 Scipio
485 1009 623 1052 Nasica]
632 1009 727 1045 Quid
737 1019 820 1053 ergo
831 1009 898 1044 sibi

184 1063 260 1095 vult
274 1066 371 1095 vetus
381 1062 590 1095 Scholiastes
601 1062 793 1105 Juvenum,
815 1062 898 1096 dum

185 1113 230 1146 ad
238 1114 309 1147 Sat.
316 1122 376 1146 m.
390 1116 465 1147 1³⁷.
475 1116 486 1132 ‘
498 1114 553 1146 Da
565 1118 691 1147 testem
699 1114 818 1147 Romae
827 1119 898 1148 tam

185 1167 358 1202 sanctum,
385 1173 489 1207 quam
508 1162 576 1197 fuit
597 1164 723 1207 hospes
738 1165 899 1199 Numinis

186 1213 298 1256 Idaei:
313 1215 383 1247 ista
396 1218 538 1248 annotat
552 1215 565 1247 ?
594 1214 605 1234 ⁴
620 1215 740 1258 Scipio
755 1216 900 1259 Nasica,

185 1274 288 1309 quem
302 1270 448 1308 propter
462 1265 674 1308 probitatem
697 1267 777 1300 vitae
801 1277 899 1301 sena-

185 1322 242 1350 tus
258 1317 379 1360 elegit,
394 1321 435 1350 ut
452 1316 674 1350 simulacrum
690 1318 810 1351 matris
825 1319 899 1351 De-

186 1377 244 1400 um
270 1367 316 1399 de
343 1367 500 1410 Phrygia
525 1366 668 1400 allatum
708 1367 799 1401 domi
827 1378 899 1402 suae

186 1419 346 1461 haberet,
383 1418 466 1452 dum
510 1419 543 1452 ei
570 1419 739 1462 templum
783 1419 897 1454 fieret.

186 1471 257 1505 mc
281 1475 337 1503 est
352 1470 484 1514 Scipio,
512 1471 571 1514 qui
598 1471 771 1515 oppressit
796 1472 900 1505 'ribe-

187 1523 278 1556 rium
290 1522 503 1564 Gracchum,
517 1522 614 1564 leges
630 1522 781 1564 agrarias
805 1522 899 1556 ferre

188 1572 398 1608 conantem!
453 1573 560 1607 Certe
602 1583 670 1606 non
709 1573 765 1607 hie
810 1578 899 1616 erat,

188 1625 250 1659 sed
278 1624 353 1668 ejus
381 1633 503 1668 nepos,
530 1628 569 1658 ut
599 1621 697 1658 recte
732 1625 900 1659 Velleius.

234 1727 397 1771 optimu]
421 1727 496 1761 Liv.
512 1735 618 1760 xxtx.
635 1730 687 1761 14.
709 1728 749 1761 it.
765 1737 900 1762 xxxvi.

187 1782 243 1814 4⁰.
260 1784 297 1813 et
310 1780 404 1813 aiibi.
425 1779 584 1822 Eloginm
599 1779 714 1823 ‘quod
729 1779 793 1813 sibi
810 1780 903 1823 quis·

188 1841 257 1875 que
272 1832 404 1873 mallet,
425 1841 526 1875 quarn
543 1831 613 1864 ulla
627 1831 774 1877 imperia
795 1832 903 1866 hono·

189 1893 290 1917 resve
317 1882 479 1927 suffragio
501 1893 563 1916 sen
589 1888 726 1926 patrum
741 1894 802 1917 seu
829 1885 903 1927 ple-

190 1936 243 1969 bis
259 1935 417 1969 delatos!
438 1935 535 1968 Sicut
551 1939 645 1969 recte
655 1935 795 1978 judicat
810 1935 901 1970 idem

191 1987 355 2030 scriptor.
378 1986 480 2019 Idem.

236 2038 278 2071 P.
300 2037 449 2079 Afric-'oni
466 2037 592 2080 potrus]
627 2037 738 2080 Vulgo
756 2040 903 2081 patruus.

190 2090 259 2124 Sed
271 2088 493 2123 manifestum
508 2089 687 2131 mendnm3
703 2099 795 2130 nam,
809 2089 838 2122 si
852 2094 906 2123 est

192 2150 368 2185 pronepos
384 2141 448 2175 Cn.
462 2140 632 2184 Scipionis
644 2141 703 2185 qui
718 2151 796 2175 cnm
813 2139 907 2174 Pub·

192 2193 239 2226 lio
267 2191 391 2233 fratre,
422 2191 578 2226 Africani
617 2193 755 2235 majoris
794 2196 907 2236 patre,

193 2242 423 2277 Hasdrubalis
448 2243 581 2277 insidiis
604 2243 639 2276 in
656 2243 830 2286 Hispania
846 2253 907 2286 op-

194 2305 334 2339 pressus
351 2295 499 2337 interiit,
512 2305 583 2329 non
599 2295 701 2328 video
714 2295 773 2339 qui
789 2300 907 2338 posset

194 2357 271 2380 esse
303 2352 447 2391 patruus
482 2347 524 2380 P.
551 2346 712 2381 Africani
744 2346 905 2381 minoris:

196 2399 255 2442 qui
271 2400 350 2432 etim
367 2397 412 2431 ab
428 2397 588 2431 Africani
609 2398 748 2441 majoris
763 2397 836 2431 tilio
853 2397 907 2431 fu-

196 2450 262 2482 erit
288 2450 551 2492 adoptatus,ita
575 2458 749 2493 pronepos
774 2448 844 2483 fnit
865 2449 907 2483 P.

195 2500 381 2543 Scipionis,
397 2509 499 2543 quem
525 2500 559 2532 in
586 2500 758 2543 Hispania
779 2510 908 2534 eaesum

198 2551 359 2592 diximus,
379 2556 419 2583 nt
433 2551 489 2583 liic
514 2550 642 2584 Nasica
656 2550 732 2593 ejns
747 2551 812 2585 Cn.
834 2551 909 2585 Set-

197 2603 322 2646 pionis,
336 2604 393 2647 qui
410 2613 488 2636 cum
505 2602 612 2636 fratre
627 2612 688 2636 sno
703 2602 831 2637 Publio
852 2613 910 2637 oe-

197 2655 290 2687 cisns
328 2660 393 2689 est.
448 2655 541 2688 Puto
580 2654 687 2698 igitur
716 2653 912 2698 legendum,

199 2706 241 2739 P.
257 2705 406 2747 Africani
419 2706 541 2749 patrui,
557 2706 586 2738 is
601 2705 760 2748 primm,
774 2709 806 2738 ee
821 2708 910 2747 toga-

199 2761 263 2800 m,
277 2760 333 2801 ξι.
377 2758 429 2792 Ut
449 2758 664 2801 intelligatur
686 2757 730 2791 de
747 2755 912 2791 Africano

199 2809 397 2851 superiore:
433 2808 531 2852 cnjus
573 2812 717 2851 patruus
752 2806 819 2841 snit
848 2807 910 2842 Cn.

202 2858 333 2903 Scipio,
345 2860 415 2904 nic,
429 2860 488 2904 qui
505 2871 525 2893 a
540 2859 673 2894 Velleio
691 2859 743 2894 vir
758 2858 911 2894 celeber-

1572 234 1659 276 307

944 342 1050 375 rimus
1079 334 1290 384 appellatur,
1319 340 1448 373 abavus
1472 339 1574 382 hujus
1589 339 1662 372 Sci-

945 393 1068 435 pionis,
1083 402 1151 436 quo
1174 397 1317 424 auctore
1342 391 1396 423 Ti.
1412 391 1592 424 Gracchus
1608 395 1663 423 est

945 443 1163 477 interfectus.
1187 444 1317 476 Manus,
1363 443 1408 475 P.
1433 442 1582 481 Africani
1603 453 1662 484 pa-

945 495 1053 537 truus]
1077 494 1279 537 Legendum
1292 494 1414 537 patrui.
1458 492 1515 526 lta
1530 493 1661 535 optime

947 546 1078 589 primus
1093 546 1292 579 emendavit
1315 545 1387 578 sive
1402 554 1547 587 magnus
1562 544 1663 577 Eras-

946 609 1036 641 mus,
1071 599 1144 632 sive
1175 599 1275 640 oiim,
1300 598 1359 642 qui
1389 597 1555 630 sexennio
1581 601 1662 640 post

947 650 1024 693 ejus
1047 660 1243 691 excessum,
1266 649 1456 682 editionem
1482 649 1662 682 Basileen-

947 711 1020 735 sem
1034 701 1114 734 anni
1130 710 1190 735 cto
1204 710 1240 734 ιο
1256 709 1364 743 xum,
1383 710 1508 733 nomen
1527 700 1662 733 Erasmi

948 753 1208 797 praeferentem,
1242 754 1455 796 procuravit.
1504 753 1552 786 Et
1578 762 1661 786 sane

948 805 1014 839 Cn.
1039 805 1238 848 Scipionem
1261 803 1418 838 Africani
1440 805 1581 847 majoris
1605 815 1664 847 pa-

949 861 1064 890 truum
1081 856 1203 899 fnisse,
1213 866 1257 890 ex
1268 856 1405 889 Velleio
1416 855 1519 897 infra,
1530 860 1568 888 et
1579 856 1666 897 aliis,

948 911 1099 941 constat.
1143 902 1224 940 Hoc
1254 906 1444 940 notandum
1477 906 1557 948 fuit,
1583 906 1664 949 qnia

949 958 1060 992 Aldus
1074 958 1110 992 id
1134 968 1256 1002 parum
1279 957 1428 991 candide
1445 957 1583 991 videtur
1598 957 1665 990 dis-

949 1010 1140 1043 simulasse.
1169 1010 1306 1043 Vossius.

992 1062 1219 1104 Privatusque,
1229 1065 1262 1094 et
1276 1064 1415 1105 togatus,
1429 1061 1500 1104 ξω]
1517 1061 1664 1104 Propin-

951 1123 1038 1158 quus
1053 1107 1214 1146 Ciceroni
1234 1113 1269 1145 in
1287 1113 1408 1146 Laelio.
1453 1113 1490 1146 Si
1505 1113 1663 1146 Canones

952 1169 1131 1197 auctorum
1162 1164 1252 1206 juris
1285 1164 1448 1207 sequeris,
1490 1163 1664 1204 sobrinus,

950 1227 1018 1250 non
1030 1216 1266 1258 consobrinus,
1280 1215 1358 1249 fuit.
1395 1215 1466 1249 Sed
1477 1216 1543 1249 hoc
1560 1216 1664 1249 trala-

951 1267 1066 1299 titium
1081 1267 1133 1299 his
1149 1266 1346 1309 promiscue
1361 1267 1411 1298 uti
1425 1266 1563 1299 notavit
1585 1266 1666 1299 doc-

951 1318 1103 1352 tissimus
1117 1319 1169 1351 sui
1185 1318 1250 1351 aevi
1265 1318 1391 1352 ,Iunius
1407 1310 1442 1350 i'n
1459 1317 1666 1350 Nomencla-

951 1373 1029 1402 tore
1044 1379 1089 1402 ex
1114 1369 1296 1402 Cicerone.
1341 1369 1446 1404 Quod
1474 1368 1665 1401 notandum

951 1425 1098 1463 propter
1116 1421 1251 1463 largum
1267 1424 1449 1463 peccatum
1474 1419 1667 1453 eruditissi-

951 1482 1085 1506 morum
1101 1472 1252 1505 virorum
1273 1471 1308 1506 in
1330 1472 1439 1515 stirpe
1454 1472 1667 1514 Scipionum.

952 1523 1091 1558 Deinde
1112 1524 1261 1567 opponit
1284 1528 1441 1567 togatum
1466 1523 1538 1556 sive
1556 1523 1668 1567 priva·

952 1578 1038 1617 tum,
1063 1575 1123 1618 qui
1146 1575 1182 1607 in
1202 1574 1406 1617 magistratu
1429 1579 1496 1616 est,
1519 1575 1572 1607 vel
1589 1572 1668 1607 fnit.

951 1625 1071 1660 Infraz
1094 1627 1105 1646 ⁴
1119 1626 1188 1659 Sed
1208 1626 1376 1669 Hispanis
1400 1626 1435 1660 in
1455 1625 1666 1668 triumphum

952 1685 988 1713 et
1010 1679 1259 1713 Pontificatum
1271 1679 1486 1722 adsurgeret,
1498 1678 1670 1722 fieretque

954 1741 998 1765 ex
1014 1733 1152 1774 privato
1163 1730 1378 1765 consularis!
1398 1730 1536 1772 &hog-k.

999 1781 1220 1824 Ciu-cumdum]
1255 1781 1360 1816 Quod
1390 1782 1495 1825 vulgo
1527 1780 1670 1823 legitur,

952 1844 1024 1867 cum
1052 1835 1129 1867 dato
1156 1835 1237 1866 [ατο
1266 1833 1392 1866 brachio
1428 1835 1513 1874 toga
1541 1831 1672 1872 lucinia,

953 1885 1079 1919 mendo
1089 1895 1158 1918 non
1168 1888 1278 1918 vacat.
1292 1885 1367 1918 Nec
1376 1883 1525 1917 difficilis
1535 1892 1671 1917 correc-

954 1936 1005 1969 tio
1020 1934 1183 1976 videtur3
1206 1935 1283 1978 ipsa
1305 1934 1395 1968 enim
1410 1935 1585 1969 sententia
1607 1935 1671 1968 cir-

953 1989 1101 2021 cumdata
1115 1987 1355 2030 reponendum
1368 1987 1533 2021 ostendit.
1566 1987 1670 2022 Quod

955 2037 1101 2079 Valerii,
1118 2038 1176 2071 lib.
1199 2047 1256 2072 111.
1269 2040 1302 2072 2.
1317 2038 1406 2071 hanc
1425 2038 1600 2071 historiam
1618 2048 1671 2070 rc·

957 2089 1112 2130 citantis,
1126 2087 1307 2122 confirmat
1328 2089 1528 2122 auctoritas.
1554 2089 1671 2122 Manu-

955 2142 1032 2175 tius.
1078 2139 1300 2182 Circumdata]
1323 2141 1404 2174 Non
1424 2150 1495 2173 cum
1508 2140 1606 2173 data.-
1632 2145 1671 2173 nt

957 2192 1100 2236 egregie
1140 2191 1350 2225 emendabat
1385 2191 1506 2224 Aldus.
1561 2191 1671 2224 Moris

957 2245 1048 2278 enim
1067 2243 1145 2285 fnit,
1159 2248 1199 2278 ut
1222 2244 1258 2277 in
1276 2244 1467 2287 repentinis
1482 2243 1594 2277 turbis
1609 2243 1672 2276 im-

957 2300 1098 2340 perator
1113 2296 1272 2329 laciniam
1287 2300 1392 2339 togae,
1406 2301 1527 2328 exerto
1547 2295 1672 2328 dextro

958 2348 1111 2390 brachio,
1138 2346 1188 2380 ita
1213 2347 1444 2380 sinistrorsum
1473 2347 1508 2379 in
1536 2351 1670 2390 tergum

957 2399 1132 2442 rejiceret,
1148 2403 1185 2431 ut
1200 2407 1240 2430 ea
1257 2402 1419 2432 revocata
1442 2397 1537 2431 illum
1558 2399 1674 2440 cinge-

958 2454 1025 2484 ret.
1070 2449 1188 2493 Atque
1214 2450 1304 2482 hunc
1332 2449 1487 2483 habitum
1518 2451 1671 2483 cinctum

958 2499 1135 2534 Gabinum
1161 2501 1344 2534 vocabant.
1390 2501 1479 2536 Quae
1507 2503 1671 2544 colligere

959 2550 1070 2593 possis
1084 2559 1129 2583 ex
1140 2550 1261 2583 Servio
1276 2550 1318 2583 ad
1337 2561 1402 2584 vn.
1420 2548 1594 2594 AEneidoffi
1611 2553 1675 2586 Isi-

960 2600 1045 2634 doro
1057 2600 1079 2633 1.
1094 2609 1171 2634 xix.
1183 2611 1213 2634 e.
1225 2604 1280 2635 24.
1296 2611 1336 2635 ae
1349 2607 1467 2635 vetere
1481 2603 1673 2637 Scholiaste

961 2651 1073 2685 Persii
1089 2651 1132 2685 ad
1147 2652 1310 2695 Satyrum
1326 2662 1360 2687 ν.
1396 2654 1675 2690 Utebantureti-

962 2712 1016 2736 am
1032 2712 1086 2746 eo,
1109 2703 1167 2746 qni
1193 2703 1301 2736 saeris
1328 2705 1410 2738 beili
1431 2716 1535 2740 causa
1554 2717 1675 2751 opera·

962 2754 1100 2788 bantur.
1146 2755 1249 2790 Quod
1272 2756 1491 2791 observatum
1507 2757 1675 2794 Turnebo

963 2807 1249 2841 Adversariorum
1275 2809 1296 2841 Ι.
1314 2818 1407 2843 xxii.
1423 2821 1453 2844 c.
1469 2813 1524 2845 20.
1572 2800 1675 2855 Item,

963 2860 1022 2902 qui
1052 2859 1171 2893 urbem
1192 2867 1309 2895 essent
1339 2862 1526 2898 condituri.
1572 2866 1674 2900 Quod
