2008 3210
327 232 415 278 472
640 241 783 275 uo'rAE
817 241 1087 273 vAmoRuM
1120 242 1173 273 ιΝ
1209 242 1495 275 PATERCUM

330 344 442 373 terum
472 341 694 380 quaestorum,
730 337 853 379 quibus
884 339 1040 369 actorum

331 389 548 430 publicorum
585 391 622 419 et
658 387 1040 420 Senatusconsultorum

331 450 415 472 cura
437 438 629 479 commissa,
654 438 775 470 creati.
821 438 1041 480 Dignitatem

331 491 403 523 sive
425 499 545 523 munus
571 490 624 521 vir
650 489 774 522 doctus
799 488 886 521 facit
921 496 1043 530 perpe-

334 545 444 582 tuum,
457 549 525 572 non
536 549 615 579 ego.
652 539 870 580 Lampridius
885 538 919 570 in
937 537 1042 571 Alex·

334 590 429 623 andr.
454 590 464 608 ‘
479 590 680 623 Quaestores
701 588 905 621 candidatos
921 598 965 621 ex
981 599 1042 622 sua

333 641 484 683 pecunia
502 640 612 682 jussit
633 649 774 673 munera
798 640 927 682 populo
947 638 1043 681 dare,

334 692 395 725 sed
416 695 455 724 ut
481 695 562 733 post
576 696 769 734 quaesturas
786 695 973 733 praeturam
988 701 1042 724 ac·

334 743 503 785 ciperem,
518 746 555 775 et
567 742 645 774 inde
659 742 850 784 provincias
862 744 1043 784 regerent?

334 794 468 827 Statuit
493 793 570 833 hoc,
596 797 709 825 motus
735 793 758 825 l.
785 792 900 833 unica,
926 792 972 824 D.
999 791 1043 823 de

335 842 425 877 offic.
440 845 627 882 ,Quaestoiu
649 842 709 875 ubi
729 843 910 884 Ulpianus,
931 843 1043 875 ‘Sane

335 905 405 927 non
420 904 540 927 omnes
558 899 749 937 quaestores
764 893 959 935 provincias
975 903 1044 926 sor-

334 946 408 988 tiri,
424 955 544 978 verum
560 949 728 987 exceptos
751 944 859 976 fuisse
883 943 1046 977 candida-

336 1002 391 1029 tos
408 995 598 1038 principis‚'
620 1004 688 1027 non
710 994 850 1027 dubitat
873 994 1044 1027 scribere:

337 1052 373 1078 at
387 1046 557 1088 Ulpianus
568 1044 758 1077 Alexandri
771 1055 856 1078 aevo.
886 1045 942 1077 Ad
955 1046 1046 1078 hunc

336 1097 444 1129 ictum
461 1095 660 1128 elidendum
674 1095 758 1128 satis
773 1095 816 1128 ab
838 1095 1049 1137 elegantissi-

337 1157 393 1179 mo
407 1146 500 1180 Jcto
516 1147 716 1188 Eguiuarth.
733 1148 881 1182 Batone,
896 1148 939 1179 ad
958 1147 1046 1180 hanc

339 1207 411 1230 rem
428 1197 570 1230 dictum.
599 1197 787 1238 Schcgkius.

383 1249 473 1281 CAP.
488 1251 560 1282 125.
581 1248 704 1290 Quippe
727 1249 899 1291 exercitas]
923 1249 1048 1283 Multis

339 1299 427 1332 dicit
449 1300 589 1332 Tacitus
617 1299 742 1331 Annal.
766 1309 791 1333 1.
811 1304 849 1333 et
867 1300 939 1333 Dio
962 1309 1050 1333 Lvn.

339 1352 439 1384 Idem.
464 1350 588 1392 Quippe
598 1351 771 1393 exercitus]
779 1351 851 1383 Has
860 1351 1048 1384 seditiones

341 1402 480 1444 egregie
504 1402 701 1444 descripsit,
719 1408 756 1435 et
785 1402 828 1435 ad
853 1403 1049 1444 exemplum

339 1451 511 1495 perfectae
525 1462 629 1495 super
648 1453 712 1485 hoc
735 1458 939 1495 argumento
958 1463 1050 1486 com-

339 1503 574 1544 mentationis,
593 1504 686 1536 sicut
702 1513 808 1546 supra
821 1505 896 1546 jam
919 1504 1050 1536 monui-

339 1565 429 1589 mus,
471 1555 611 1588 Tacitus
627 1554 670 1587 A.
685 1565 711 1587 1.
727 1558 780 1589 16.
805 1559 842 1588 et
856 1565 928 1598 seq.
951 1555 1051 1588 Idem

341 1605 385 1639 A.
417 1616 440 1638 ι.
467 1609 522 1638 31.
546 1610 583 1638 et
612 1615 687 1648 seq.
715 1605 806 1638 adde
831 1606 938 1639 Diou.
961 1614 1051 1638 1.vu.

341 1658 484 1691 Sueton.
499 1657 575 1690 Tib.
590 1659 644 1689 25.
669 1657 849 1690 Boeclerus.

388 1708 585 1740 Constituere
596 1707 701 1740 conati
714 1707 803 1748 sunt]
826 1708 903 1740 Vox
920 1711 1053 1749 postre-

342 1768 397 1791 ma
413 1764 468 1792 est
489 1758 670 1792 sententiae
688 1758 908 1802 inquinandae
925 1770 933 1792 ι
958 1759 1055 1798 tolla-

343 1814 409 1842 tur.
444 1810 614 1843 Gruterus.
764 1845 767 1847 ,

381 1862 430 1894 -Ιη
444 1861 605 1903 ultimum]
628 1863 670 1895 In
696 1863 766 1895 Ms.
796 1862 883 1896 fuit:
915 1867 947 1895 et
966 1873 1055 1905 poene

344 1914 379 1945 in
394 1914 537 1946 ultimam
558 1914 737 1954 gladiorum
753 1915 858 1956 erupit
872 1915 1055 1956 impunitas.

342 1965 452 2006 Lege,
471 1968 502 1996 et
519 1974 609 2007 poene
623 1965 658 1997 in
671 1966 783 1998 ultima
791 1966 972 2007 gladiorum
987 1975 1055 1998 eru-

339 2015 392 2056 pit
403 2015 587 2056 impunitas.
623 2015 776 2049 Vossius.

390 2065 591 2107 Gladim-um]
611 2064 741 2105 Aliter,
753 2066 978 2108 gladiatorum.

389 2117 554 2159 Proecipue
577 2118 770 2159 nostrorum]
796 2119 950 2153 Vellem:
973 2129 1057 2162 prae-

343 2167 433 2210 cipue
447 2170 622 2206 auctorum.
646 2168 804 2210 Lipsius,

393 2220 438 2251 Ut
449 2220 595 2261 pleraque
609 2219 723 2259 ignave
739 2219 962 2262 Germanicus]
989 2221 1057 2254 Im-

343 2280 399 2302 mo
431 2270 543 2302 omnia
569 2279 699 2311 gaave:
731 2270 816 2303 nihil
832 2272 1058 2305 mutandum.

345 2321 514 2354 Novimus
528 2326 579 2362 te,
596 2321 749 2353 novimus
771 2322 978 2364 mancipium
997 2323 1059 2356 Ti-

344 2371 537 2407 berianam.
594 2371 647 2403 Tu
685 2375 820 2405 rectum
859 2373 1059 2409 Germanici

344 2424 519 2466 ingenium
543 2423 634 2465 apud
645 2450 647 2453 .
658 2423 872 2466 Suetonium,
899 2425 1058 2467 Dionem,

346 2480 382 2507 ct
413 2475 539 2508 eximie
569 2474 728 2516 Tacitum
751 2476 889 2511 ,tacitus
920 2476 1058 2514 mirare.

347 2526 483 2566 Sela-glo.
532 2526 576 2557 Ut
599 2519 748 2567 pleraque
761 2526 875 2566 ignave
893 2526 1059 2559 Germana·-

346 2575 416 2616 ιω]
431 2576 666 2613 Vehementer
680 2575 735 2608 hic
753 2577 894 2618 vapulat
905 2578 1059 2611 Velleius

348 2631 386 2658 et
409 2627 548 2666 merito,
562 2626 591 2665 si
608 2625 650 2658 de
665 2626 767 2660 unico
783 2636 902 2659 eorum
928 2631 1060 2670 tempo-

347 2685 423 2707 rum
440 2680 657 2717 ornamento,
682 2676 819 2709 Caesare
839 2678 1059 2720 Germanico,

349 2726 409 2767 qui
445 2726 598 2767 legiones
636 2726 832 2769 seditiosas,
862 2729 871 2745 ‘
889 2729 1060 2771 incertum

349 2777 543 2809 constantia
574 2788 618 2810 an
649 2778 783 2819 pietate
808 2779 940 2821 majore
970 2790 1060 2814 com·

348 2827 504 2869 pescuit'
529 2827 636 2870 (teste
651 2829 748 2863 Suet.
769 2830 878 2873 Calig.
897 2840 921 2864 ι.
946 2835 983 2864 et
996 2832 1060 2867 Ta·¹

1091 335 1178 378 cito)
1208 337 1258 369 ita
1283 337 1446 379 loquitur,
1469 340 1509 368 ut
1538 335 1708 377 ignaviam
1742 335 1803 370 ho·

1091 388 1185 428 mini,
1199 388 1227 421 si
1245 388 1321 430 quis
1338 397 1498 430 unquam,
1518 386 1689 420 industrio
1704 385 1803 419 forti-

1092 448 1159 480 que
1183 438 1325 471 tribuat.
1370 437 1539 479 Faciebat
1558 437 1724 470 hactenus
1741 445 1803 470 va·

1093 489 1270 521 risimilem
1295 490 1384 521 hanc
1398 487 1526 521 velleii
1539 486 1804 529 malignitatem,

1077 538 1209 572 -odium
1235 538 1364 572 Tiberii
1388 539 1424 571 iu
1445 538 1707 579 Germanicum,
1720 535 1804 570 adu-

1092 589 1180 623 latio
1210 589 1335 622 Velleii
1365 593 1538 631 perpetua
1561 588 1596 620 in
1618 586 1804 620 merim.

1093 641 1224 672 Verum
1240 644 1423 683 postquam
1439 648 1511 672 rem
1529 638 1728 672 accuratius
1745 647 1804 672 ex·

1093 690 1211 732 pendi,
1225 690 1320 723 nullo
1341 690 1444 723 modo
1466 689 1585 731 credo,
1606 690 1674 722 imo
1689 689 1803 732 palm

1093 751 1194 783 nego,
1220 742 1392 774 Velleium
1417 742 1468 774 ita
1491 741 1680 784 scripsisse.
1699 771 1707 780 „
1724 741 1805 775 Non

1093 796 1171 824 erat
1185 802 1229 824 ex
1250 792 1384 825 ratione
1410 795 1520 825 status
1543 796 1581 825 et
1601 801 1805 825 arcanorum

1093 843 1238 883 domus;
1258 852 1325 876 non
1341 849 1417 875 erat
1432 852 1476 875 ex
1495 853 1558 875 usu
1572 843 1676 876 aulici
1691 852 1807 876 assen-

1096 894 1234 935 tatoris,
1256 903 1322 926 non
1338 893 1487 936 denique
1506 893 1550 926 ad
1571 898 1704 934 cetera,
1728 903 1805 936 quae

1095 944 1140 977 de
1184 944 1394 977 Germanico
1439 945 1562 985 tradit,
1602 944 1807 988 quadrabat·

1097 996 1224 1029 Nonne
1249 994 1410 1029 Tiberius
1424 995 1540 1028 odium
1556 995 1648 1028 istud
1663 996 1698 1028 in
1717 995 1808 1029 Ger-

1095 1047 1280 1086 manicum,
1295 1045 1386 1079 omni
1413 1046 1530 1088 specie
1556 1046 1807 1080 benevolentia

1096 1102 1133 1131 et
1163 1098 1299 1131 honoris
1326 1098 1469 1131 velabat
1498 1102 1536 1131 et
1564 1099 1599 1131 in
1630 1097 1807 1141 publicum

1097 1148 1310 1190 obtegebat?
1324 1158 1436 1181 nonne
1451 1148 1808 1191 prodidisset-incaute

1098 1204 1136 1232 et
1162 1203 1292 1232 temere
1322 1199 1491 1241 Velleius,
1515 1200 1544 1233 si
1566 1200 1630 1234 sub
1652 1201 1808 1243 principe

1097 1251 1176 1292 hoc,
1190 1249 1330 1292 publice
1349 1250 1594 1283 Germanicum
1610 1251 1808 1293 vituperare

1098 1310 1200 1333 ausus
1216 1302 1329 1338 esset?
1351 1301 1468 1335 Quid?
1491 1300 1548 1333 An
1570 1301 1720 1344 Augusti
1742 1301 1815 1335 Ne·

1099 1352 1185 1394 poti,
1196 1351 1325 1384 Tiberii
1349 1351 1515 1393 adoptivo
1539 1352 1678 1394 publice
1693 1353 1812 1386 convi-

1100 1402 1183 1434 tium
1200 1401 1287 1442 fieri,
1303 1411 1450 1443 passura
1474 1406 1548 1435 erat
1569 1401 1734 1443 majestas
1753 1402 1812 1435 do-

1098 1453 1196 1485 mus?
1217 1452 1308 1485 Vide
1322 1452 1404 1495 quid
1421 1451 1512 1484 infra
1530 1452 1576 1485 de
1597 1452 1810 1487 Germanico

1099 1503 1254 1537 Velleius
1269 1513 1302 1536 c.
1314 1506 1391 1537 129.
1414 1502 1504 1535 Haec
1519 1506 1555 1535 ct
1568 1502 1694 1535 similia
1706 1502 1811 1536 facile

1100 1555 1186 1588 mihi
1211 1554 1435 1597 persuadent,
1456 1558 1496 1586 ut
1514 1562 1655 1595 prorsus
1670 1554 1811 1587 credam

1101 1605 1283 1647 Velleium,
1295 1614 1396 1646 gnane
1411 1604 1596 1646 scripsisse,
1609 1608 1668 1637 ant
1683 1605 1812 1648 aliquid

1102 1656 1184 1698 tale,
1209 1666 1276 1699 quo
1292 1655 1503 1697 comparatio
1518 1655 1621 1689 fieret
1634 1656 1813 1690 industriae

1102 1707 1146 1740 ab
1161 1711 1323 1751 utroque,
1340 1708 1455 1741 Druso
1473 1710 1507 1740 et
1520 1707 1813 1750 Germanicofna-

1102 1762 1205 1792 vatae.
1239 1759 1384 1792 Boecler.
1760 1783 1763 1785 .

1148 1811 1202 1844 Ita
1222 1809 1358 1851 Drusus]
1383 1811 1576 1853 Perper-am
1603 1811 1639 1843 in
1661 1809 1814 1844 editione

1103 1861 1276 1904 principe,
1288 1861 1424 1895 Brutus.
1455 1861 1622 1895 Vossius.

1147 1912 1325 1945 Severitate
1340 1922 1425 1954 usus,
1438 1911 1671 1955 ancipitiasibi
1692 1915 1759 1946 tam
1775 1922 1817 1946 n

1105 1976 1197 2008 quam
1215 1967 1355 2008 exemplo
1373 1966 1562 2008 perniciosa]
1585 1967 1698 2000 Locus
1719 1966 1814 1999 foede

1105 2021 1301 2059 corruptus.
1347 2017 1401 2049 *In
1421 2017 1610 2059 exemplari
1633 2022 1730 2050 erat:
1753 2017 1816 2050 eibi

1104 2069 1216 2100 timere
1241 2078 1333 2110 quam
1356 2069 1503 2110 exemplo.
1537 2068 1815 2113 Gruterus-bene

1105 2129 1178 2151 usus
1191 2119 1227 2151 in
1248 2128 1341 2151 ausus
1360 2122 1482 2159 mutat,
1497 2119 1558 2151 sed
1580 2119 1671 2161 qnod
1697 2118 1816 2151 delere

1107 2171 1203 2212 cupit
1241 2179 1361 2203 vocem
1388 2169 1564 2211 perniciosa
1590 2179 1667 2202 cum
1692 2170 1817 2212 copula

1107 2225 1287 2263 sequente,
1296 2230 1372 2253 eam
1385 2220 1588 2253 medicinam
1597 2221 1820 2262 prudentissi-

1106 2281 1181 2303 mus
1197 2271 1342 2313 quisque
1363 2271 1464 2303 nimis
1488 2275 1662 2303 strenuam
1677 2270 1818 2304 dixerit.

1108 2321 1200 2356 Quid
1228 2322 1256 2354 si
1281 2322 1457 2363 legamus?
1477 2331 1571 2355 ausas
1589 2322 1744 2364 ancipitia
1756 2321 1821 2354 sibi

1093 2375 1174 2410 ⁴tam
1190 2380 1239 2406 *re
1264 2381 1356 2413 quam
1383 2371 1523 2413 exemplo
1556 2372 1742 2415 periculosa,
1769 2372 1820 2405 his

1107 2423 1187 2464 ipsis
1200 2423 1338 2455 militum
1349 2423 1438 2463 glad.
1463 2424 1570 2456 Certe
1586 2423 1819 2466 periculosum

1107 2474 1176 2516 ipsi
1191 2474 1305 2506 Druso
1326 2473 1447 2515 fuisse,
1463 2474 1538 2516 ipsa
1559 2484 1616 2507 res
1643 2478 1680 2508 et
1694 2474 1820 2509 Velleii

1109 2536 1187 2568 quae
1216 2531 1407 2568 sequuntur
1436 2525 1542 2557 verba
1566 2525 1752 2566 insinuaut,
1774 2524 1819 2557 de

1109 2578 1262 2619 exempli
1315 2577 1468 2619 periculo
1511 2577 1620 2609 cuivis
1666 2577 1820 2619 cogitare

1110 2632 1309 2670 promptum
1347 2632 1411 2661 est.
1475 2627 1683 2660 Existimem
1713 2627 1820 2660 etiam

1105 2678 1282 2719 perniciosa
1305 2678 1444 2720 exemplo
1467 2678 1588 2715 durius
1608 2673 1740 2713 dics-et
1765 2688 1822 2712 ve-

1109 2729 1303 2762 hementius
1333 2729 1377 2763 de
1411 2729 1526 2762 Druso
1559 2738 1662 2772 quam
1692 2730 1822 2763 Velleii

1109 2790 1183 2812 mos
1199 2784 1235 2813 et
1261 2780 1458 2815 institutum
1474 2780 1574 2822 hujus
1588 2780 1657 2812 loci
1673 2780 1821 2822 patitur,

1110 2843 1188 2867 cum
1216 2838 1252 2867 et
1277 2834 1361 2866 alias
1386 2843 1469 2876 erga
1494 2833 1633 2866 domum
1654 2834 1822 2878 principis

1987 1035 1993 1070 -ω
1986 997 1995 1029 x«.—
1980 910 1995 990 affin-..25⁴⁷
1980 797 1995 904 ’ΣΗ-’,34)
1980 675 1993 788 „nutv-42.
1979 616 1990 663 -.·;.,
1979 561 1989 584 ’.4
