2008 3210
351 239 438 283 468

350 345 652 389 interpretandum
666 346 805 379 videtur
816 345 907 388 apud
922 345 1064 379 Caelium

351 397 542 436 Aurelium,
557 397 678 429 Sorani
695 397 934 439 interpretem,
949 397 1007 430 lib.
1023 405 1065 430 11.

352 453 405 482 27.
443 450 452 467 ‘
478 458 531 489 ea,
559 458 634 490 quae
661 447 847 480 influxione
873 448 939 488 sui,
963 457 1065 490 quam

353 499 469 532 Graeci
493 500 705 541 aporrlioeam
735 503 876 540 vocant,
907 499 1065 541 spiratio-

353 562 432 584 nem
445 551 584 584 facilem
607 551 858 592 aegrotantibus
873 550 992 583 facere
1008 560 1065 582 va-

352 603 451 636 lent!
484 603 563 635 Non
580 602 670 635 enim
687 608 772 644 puto
788 602 991 642 audiendos,
1007 601 1065 644 qui

351 655 517 697 effluxione
543 659 726 696 reponunt.
780 654 929 696 Influaeus
958 652 1065 695 igitur

355 705 504 746 Velleio,
533 709 570 737 ct
604 705 741 748 influxio
769 704 972 744 Aureliano,
1010 706 1065 734 est

354 755 444 789 fluor
460 756 624 798 corporis,
639 756 712 787 sive
733 754 894 796 ἂπόῤῥοια.
940 755 1065 786 Emeu-

354 807 482 846 dcntur
498 806 614 839 obiter
638 805 701 837 liae
724 805 903 838 occasione
927 804 1065 837 Glossoe

354 857 490 899 Cyrilli,
504 856 564 888 ubi
587 865 770 897 perperam
787 855 932 895 legitur:
956 853 1067 895 Ἀπόῤ-
1114 875 1117 879 .

352 907 434 950 ῥοια,
447 906 597 948 defluxio,
612 906 786 949 affluentia.
819 906 926 947 Lege,
937 906 1066 949 effluen-

353 959 413 990 tia.
447 957 603 991 Vossius.

398 1008 489 1040 CAR.
529 1010 604 1040 121.
646 1007 885 1050 Viennensium]
920 1007 1068 1048 Vienna,

353 1059 560 1099 Ptolemaeo,
602 1058 738 1100 Tacito,
775 1063 812 1091 et
850 1058 980 1091 Caesari
1017 1066 1068 1090 vx.

355 1109 447 1142 Belli
472 1108 612 1150 Gallici,
646 1107 874 1150 Allobrogum
905 1108 985 1140 urbs
1022 1107 1067 1140 ad

353 1159 574 1201 Rhodanum,
603 1158 668 1191 sub
701 1158 865 1191 Medulis.
924 1158 1068 1191 Colonia

355 1211 458 1242 estin
475 1210 615 1252 antiqua
638 1209 878 1251 inscriptione,
898 1209 1068 1252 Lugduni.

361 1261 479 1293 Vienne
516 1259 644 1294 Joanni
675 1260 798 1292 Poldo.
853 1260 1068 1293 Senatoriam

356 1310 541 1352 aliquando
565 1311 790 1353 appellatam,
811 1311 932 1343 scribit
963 1312 1067 1344 Para·

355 1360 464 1393 dinus.
509 1360 727 1393 Senatorium
757 1362 913 1394 nominat
935 1362 1069 1394 Masso-

354 1420 429 1444 nuS.
460 1411 618 1452 Biemms,
631 1409 764 1452 Βίεννος,
783 1411 960 1453 Stephano
983 1411 1068 1444 dici-

356 1466 425 1494 tur.
470 1460 525 1493 Ad
542 1461 713 1499 decimum
730 1466 865 1494 sextum
881 1461 1032 1503 lapidem
1049 1471 1070 1494 a

357 1512 525 1553 Lugduno
541 1512 675 1554 abesse,
694 1513 795 1553 testis
809 1517 862 1545 est
876 1512 1020 1554 Seneca,
1034 1512 1068 1544 in

357 1562 456 1594 Ludo
469 1562 588 1595 mortis
601 1562 735 1595 Claudii
749 1563 839 1605 Imp.
853 1564 957 1597 Ortel.
979 1563 1069 1596 Vide

357 1613 510 1647 Golnitz.
526 1614 558 1645 in
576 1614 760 1653 Itinerario
778 1615 925 1648 Gau-ico.

356 1700 358 1703 ¹
404 1664 600 1697 Coie'rcitione
614 1665 730 1706 magis]
757 1666 970 1698 Prudenter:
993 1675 1071 1697 nam

355 1714 391 1746 id
423 1715 588 1757 exigebat
625 1716 716 1747 ratio
751 1715 939 1758 temporis:
978 1716 1070 1758 qnod

356 1775 435 1798 cnm
450 1770 501 1796 tot
517 1765 669 1806 pericula
681 1765 870 1798 minaretur
885 1775 925 1798 ac
941 1765 1070 1809 objice-

356 1820 411 1847 ret
437 1815 604 1858 undique,
633 1826 700 1851 non
730 1816 854 1849 debuit
882 1816 1069 1849 severitate

357 1864 448 1906 apud
462 1865 638 1907 subjectos
654 1867 773 1909 augeri
789 1866 904 1900 odium
921 1877 1069 1909 praesen-

357 1916 403 1948 tis
419 1919 539 1948 status.
574 1916 755 1950 Boeclerus.

377 2006 381 2011 .
403 1965 506 2001 Quum
529 1970 599 1998 erat
614 1967 693 2014 ipsi]
726 1969 890 2011 Ineptum
907 1969 1069 2012 loquendi

358 2026 482 2058 genus,
509 2026 574 2049 nec
601 2018 670 2050 ullo
699 2019 938 2053 confirmatum
955 2031 1070 2053 exem-

357 2067 440 2113 p]o;
470 2068 607 2109 AEquum
631 2070 662 2101 ei
682 2069 753 2110 jas,
779 2082 870 2113 qnam
899 2075 969 2104 erat
995 2072 1069 2114 ipsi.

358 2118 450 2150 Haec
466 2128 521 2150 me
548 2119 637 2159 ratio
664 2120 819 2162 adducit,
848 2127 886 2154 ut
900 2123 1072 2163 glossema

358 2168 466 2201 fuisse
483 2173 613 2210 putem.
658 2171 738 2203 Non
754 2172 845 2204 enim
861 2182 1001 2205 necesse
1017 2177 1071 2205 est

357 2220 422 2252 hoc
440 2219 570 2252 addere
587 2230 666 2254 cum
688 2222 773 2255 satis
794 2227 917 2265 aperta
933 2229 1070 2256 senten·

361 2271 413 2303 tia
428 2271 492 2303 sit:
517 2281 595 2303 nam
623 2271 668 2304 ad
689 2283 811 2315 aequum
824 2274 855 2305 εἰ
865 2275 935 2316 J’us,
948 2274 1070 2307 subau-

356 2321 464 2362 ditur,
479 2331 548 2353 cum
563 2322 685 2356 Patre.-
706 2324 796 2367 quod
818 2325 897 2357 ideo
921 2334 988 2357 non
1011 2325 1070 2357 ad-

357 2372 448 2407 didit
461 2373 628 2414 Velleius,
649 2375 728 2417 qnia
743 2374 882 2408 dixerat
893 2376 979 2417 jam,
999 2386 1071 2418 pos-

357 2424 478 2458 tulante
503 2427 610 2466 patre.
634 2425 826 2458 Manutius.
885 2426 988 2462 Quam
1001 2429 1071 2458 erat

356 2473 433 2516 ipsi]
461 2474 574 2507 Miror
601 2475 785 2518 plerosque
815 2475 1070 2509 Animadversi-

355 2534 459 2557 onnm
490 2529 527 2558 et
563 2526 734 2559 Notarum
764 2527 952 2569 scriptores
979 2528 1070 2560 hune

353 2575 597 2618 locumcplane
625 2577 846 2618 praeteriisse.
891 2579 1070 2620 Expressi-

356 2636 434 2659 mns
448 2632 565 2668 autem
581 2627 737 2660 Rhenani
757 2633 793 2661 et
810 2629 954 2662 Gruteri
971 2629 1070 2663 editi-

358 2687 471 2710 onem.
517 2679 607 2712 Nam
625 2679 792 2711 Buterins
815 2689 933 2721 parum
949 2680 1005 2713 hic
1026 2681 1070 2714 ad

357 2736 443 2761 rem.
487 2728 634 2761 Interim
651 2729 788 2762 videtur
801 2729 935 2762 ὕπουλόν
949 2742 981 2762 τι
994 2730 1072 2763 sub-

359 2786 446 2809 esse.
502 2779 608 2811 Certe
636 2780 696 2812 illa
726 2781 842 2822 verba,
881 2791 974 2822 quam
1000 2784 1070 2813 erat

351 2826 428 2871 ipsi,
445 2836 512 2859 non
529 2829 701 2862 coliaercre
719 2831 800 2864 sans
820 2836 914 2874 apte,
932 2832 1016 2864 vidit
1033 2839 1068 2865 et

660 249 805 282 NOTAE
842 247 1112 281 VARIORUM
1146 248 1199 281 IN
1237 244 1524 281 PATERCULI

1118 343 1235 378 deleta
1254 345 1365 388 cupiit
1379 344 1513 384 Aldus;
1535 343 1634 386 cujus
1650 342 1828 385 conjectu·

1117 405 1190 428 ram
1216 405 1284 428 non
1312 405 1448 438 possum
1468 405 1538 428 non
1554 395 1717 437 probare.
1742 394 1827 427 Boe·

1116 447 1192 479 cler.
1244 446 1348 482 Quam
1377 449 1446 478 erat
1474 445 1552 488 ipsi]
1592 445 1671 478 Non
1701 444 1776 477 liaec
1805 454 1827 476 a

1117 497 1318 539 glossatoris
1341 507 1444 529 manu
1471 497 1646 539 imperita,
1660 495 1689 528 si
1706 495 1828 536 verba,

1113 549 1294 590 postulante
1307 551 1400 590 patre
1413 548 1492 588 qius,
1501 557 1578 580 cnm
1591 548 1704 580 Beato
1721 547 1827 580 inclu-

1118 599 1204 632 seris
1221 599 1431 641 parenthesi,
1450 600 1516 632 imo
1533 604 1605 632 tum
1622 598 1829 632 necessaria.

1118 649 1257 690 Schegk.

1163 701 1218 733 Ea:
1255 701 1430 734 Pannoniis
1466 700 1697 744 Delmatisque]
1739 701 1830 734 Vide

1118 750 1236 791 Sigon.
1254 751 1447 783 Comment.
1463 751 1497 783 in
1514 750 1595 784 fast.
1610 756 1646 784 et
1663 751 1824 794 triumph.

1119 802 1161 834 R.
1176 801 1319 834 Sueton.
1330 802 1406 834 Tib.
1422 804 1474 834 17.
1497 802 1643 835 Boecler.

1168 853 1244 885 Non
1266 853 1380 885 occisos
1401 851 1681 893 famanarravit]
1709 851 1847 885 Editio

1118 903 1332 945 primogenia
1343 904 1538 945 negativam
1549 903 1654 936 habet
1666 904 1830 936 interser-

1120 957 1275 995 tam‚non
1290 953 1424 986 occisos.-
1447 960 1484 986 et
1500 953 1537 986 id
1550 963 1605 985 res
1616 958 1691 986 est:
1715 963 1830 986 rarum

1119 1004 1211 1036 enirn
1227 1009 1266 1037 ut
1281 1013 1351 1036 non
1377 1004 1485 1036 etiam
1506 1004 1752 1037 occiderentur
1766 1004 1830 1036 du·

1119 1065 1179 1088 ces
1195 1055 1409 1088 exercituum
1425 1055 1596 1087 hostilium
1613 1060 1693 1097 post
1708 1055 1829 1089 trium-

1120 1108 1251 1149 phum..
1287 1106 1409 1139 Cicero
1436 1116 1469 1139 v.
1495 1107 1530 1138 in
1555 1107 1723 1139 Verrem:
1757 1105 1831 1140 ‘At

1119 1158 1210 1190 enim
1231 1157 1290 1200 qni
1315 1157 1539 1198 triumphant,
1563 1166 1675 1199 eoque
1698 1156 1830 1191 diutius

1118 1210 1217 1242 vivos
1241 1209 1388 1241 hostium
1413 1208 1520 1240 duces
1543 1211 1698 1248 servant,
1724 1207 1831 1240 uthis

1120 1270 1183 1303 per
1197 1260 1408 1301 triumphum
1428 1259 1556 1300 ductis,
1583 1259 1829 1302 pulcerrimum

1118 1311 1353 1353 spectaculum
1365 1309 1585 1352 fructumque
1597 1309 1756 1342 victorias
1771 1319 1831 1352 po-

1121 1362 1219 1404 pulus
1236 1362 1334 1394 Rom.
1362 1361 1542 1403 percipere
1561 1361 1690 1402 possit,-
1713 1364 1830 1394 tamen

1120 1421 1198 1444 cum
1229 1412 1272 1444 de
1297 1410 1375 1444 foro
1403 1411 1439 1443 in
1469 1411 1680 1452 Capitolium
1706 1420 1831 1444 currus

1119 1460 1263 1495 flectere
1277 1461 1460 1504 incipiunt,
1475 1462 1550 1494 illos
1565 1462 1645 1495 duci
1661 1462 1696 1494 in
1713 1472 1831 1498 carce-

1121 1523 1193 1545 rem
1201 1513 1352 1555 jubent3
1375 1513 1536 1555 idemque
1545 1513 1625 1545 dies
1641 1518 1677 1546 et
1692 1513 1831 1546 victori-

1122 1563 1185 1595 bus
1203 1564 1351 1606 imperii,
1365 1568 1403 1596 et
1429 1563 1528 1596 victis
1550 1564 1632 1597 vitae
1653 1563 1756 1598 finem
1777 1563 1830 1597 fa-

1120 1614 1192 1646 cit.'
1217 1615 1389 1647 Gruterus.
1429 1613 1656 1654 Occisosfama
1670 1614 1831 1657 narravit]

1120 1665 1231 1697 Vetus
1257 1665 1382 1703 codex,
1403 1665 1609 1699 non'occisos.
1654 1665 1757 1700 Quod
1772 1675 1831 1698 re-

1120 1715 1255 1750 tinebat
1279 1716 1471 1755 Gruterus3
1494 1717 1574 1759 quia
1597 1726 1712 1751 rarum
1725 1715 1832 1751 fuerit

1118 1767 1268 1800 hostium
1291 1767 1408 1807 duces,
1423 1771 1502 1809 post
1525 1767 1736 1811 triumphum
1761 1777 1831 1801 nou

1120 1818 1246 1851 occidi.
1304 1818 1407 1852 Quod
1433 1818 1517 1861 quid
1543 1817 1587 1850 ad
1613 1827 1685 1852 rem
1711 1817 1832 1858 faciat,

1120 1869 1250 1902 nescio.
1278 1896 1280 1900 .
1310 1869 1450 1911 Quippe
1493 1869 1600 1903 verba
1636 1869 1832 1912 sequentia,

1119 1920 1130 1937 ‘
1143 1919 1204 1951 sed
1221 1919 1353 1952 vinctos
1365 1920 1555 1961 triumphus
1571 1918 1750 1961 ostendi&
1760 1921 1832 1954 cla-
1846 1938 1850 1943 ’

1120 1979 1157 2002 re
1173 1969 1358 2002 ostendunt
1373 1970 1546 2003 Velleium
1569 1971 1611 2003 de
1634 1972 1727 2004 fama
1748 1974 1832 2003 ante

1122 2020 1333 2062 triumphum
1371 2021 1475 2064 loqui.
1532 2022 1680 2064 Semper
1713 2027 1831 2055 autem

1122 2070 1273 2104 hostium
1300 2071 1406 2104 duces
1424 2072 1468 2104 ad
1485 2072 1707 2115 triumphum.
1723 2082 1833 2107 reser-

1122 2122 1303 2155 vabantur.
1348 2123 1472 2165 Itaque
1488 2133 1556 2155 non
1569 2124 1680 2165 video,
1691 2134 1832 2166 quomo-

1121 2173 1165 2205 do
1182 2171 1219 2203 τὸ
1231 2183 1290 2204 non
1301 2173 1439 2205 retineri
1447 2173 1572 2214 possit.
1594 2173 1732 2206 Vossius.
1758 2175 1830 2206 Non

1120 2223 1329 2263 occisosfama
1343 2223 1507 2265 narravit]
1531 2223 1660 2256 Nescio
1671 2223 1754 2266 quid
1764 2223 1831 2256 sibi
1847 2250 1850 2253 .

1120 2274 1242 2314 velint,
1252 2273 1310 2316 qui
1323 2278 1508 2315 negantem
1522 2274 1740 2315 particulam,
1750 2284 1830 2308 auc-
1848 2295 1850 2297 >

1121 2324 1265 2357 toritate
1279 2328 1348 2357 vet.
1363 2324 1511 2366 exempl.
1523 2323 1658 2366 fultam,
1670 2335 1830 2359 emovere

1121 2374 1277 2416 cupiunt.
1315 2374 1444 2408 Sensus
1456 2380 1523 2416 est,
1535 2375 1831 2411 Eminentissimos

1120 2424 1268 2456 hostium
1285 2424 1391 2458 duces
1418 2435 1486 2458 non
1501 2425 1593 2459 fama
1610 2431 1758 2469 tantum,
1775 2437 1833 2461 oc-

1121 2477 1210 2508 cisos
1235 2476 1329 2518 alibi,
1346 2477 1473 2519 populo
1498 2478 1652 2510 Romano
1668 2478 1833 2523 narravit,

1120 2527 1181 2559 sed
1208 2527 1372 2570 praesenti
1396 2530 1598 2570 spectaculo
1623 2529 1659 2561 in
1685 2530 1830 2565 vinculis

1121 2583 1158 2610 et
1174 2579 1348 2621 triumpho
1373 2578 1494 2613 ductos
1510 2578 1652 2623 fortuna
1666 2581 1831 2615 ostendit.

1119 2629 1262 2662 Scilicet
1285 2629 1394 2671 major
1418 2634 1495 2663 erat
1520 2626 1668 2664 felicitas
1689 2636 1727 2664 et
1752 2632 1831 2664 soli-

1120 2678 1196 2712 dius
1212 2679 1385 2722 gaudium,
1410 2691 1527 2713 coram
1556 2681 1681 2714 intueri
1698 2681 1831 2715 vinctos

1120 2730 1325 2762 clarissimos
1342 2731 1446 2763 duces
1462 2732 1496 2765 in
1511 2731 1700 2773 triumphos
1725 2742 1830 2774 quam

1120 2780 1148 2811 si
1165 2780 1340 2813 auditione
1356 2786 1490 2813 tantum
1504 2781 1718 2824 accepissent
1737 2782 1830 2814 viuc-

1121 2836 1173 2864 tos
1200 2832 1412 2875 occisosque.
1468 2831 1510 2864 ’rb
1534 2842 1593 2865 non
1625 2834 1850 2874 συγκριτικῶς,
