2002 3250
248 258 308 303 28
792 270 1188 304 PnohEGOMENA.

249 370 383 423 atque
403 366 636 419 CurioneS,
663 364 883 409 Antonios
905 367 1204 423 Plancosque.
1247 366 1429 409 *Contra
1458 366 1506 410 in
1534 367 1726 412 virorum

247 449 506 491 magnorum
526 436 731 491 personis
749 449 843 477 non
860 436 1004 477 solum
1026 448 1211 488 magnas
1231 435 1430 486 virtuteS‚
1447 436 1626 490 publice
1646 449 1726 492 pa-

247 504 453 556 tefactas,
476 504 555 547 sed
579 504 713 545 etiam
736 505 947 554 mitiores,
980 505 1116 547 animi
1136 504 1454 547 humanitatem
1474 509 1520 545 et
1535 504 1728 548 liberali-

247 574 388 614 tatem
408 574 649 627 spirantes,
667 573 714 613 in
734 572 883 613 lucem
905 573 1142 627 protraxit.
1203 571 1360 614 Mores
1381 575 1424 613 et
1444 571 1727 626 disciplinam

247 638 499 682 Romanam
524 641 716 691 luxuria,
749 641 956 691 avaritia,
978 640 1193 695 potentiae
1214 629 1461 682 insatiabili
1481 640 1727 694 cupiditate

246 715 515 763 corruptam,
560 709 751 763 indeque
783 709 998 764 bellorum
1032 709 1317 764 caediumque
1350 708 1550 750 civilium
1588 708 1726 761 mala,

245 789 420 819 summa
441 790 543 819 cum
565 777 863 818 detestatione
901 777 1121 832 deplorat.
1182 777 1295 818 Pius
1325 780 1394 818 est
1413 789 1516 829 erga
1532 776 1726 831 majores

244 849 381 900 atque
402 850 634 900 cognatOS,
656 846 762 901 pius
783 859 889 900 erga
906 846 1115 901 patriam,
1145 846 1250 900 pius
1271 850 1313 887 et
1332 848 1483 899 gratus
1505 858 1609 899 erga
1629 858 1725 887 om-

242 927 337 966 nes,
369 915 447 969 qui
477 915 532 956 de
563 928 610 957 se
631 915 742 957 bene
769 919 892 957 erant
912 915 1067 966 meriti,
1099 915 1302 969 inprimis
1333 927 1437 968 erga
1469 912 1725 968 Augustum

241 981 578 1037 Tiberiumque,
600 982 677 1036 qui
699 976 757 1023 ad
776 983 965 1024 honores
985 983 1134 1036 ipsum
1157 985 1412 1023 evexerant.

259 1069 264 1073 ’
300 1049 516 1102 Quicum
538 1050 676 1092 animi
697 1050 760 1104 pii
779 1050 978 1104 gratique
1009 1062 1112 1103 erga
1145 1050 1257 1091 bene
1288 1049 1344 1090 de
1374 1049 1508 1090 nobis
1539 1050 1725 1094 meritos

241 1131 401 1161 sensus
419 1119 553 1162 facile
574 1132 658 1161 nos
678 1119 863 1173 arripiat
883 1118 941 1160 ad
962 1131 1115 1160 eorum
1136 1116 1472 1159 admirationem
1502 1118 1724 1162 studium-

239 1199 341 1242 que,
360 1192 412 1230 ut
432 1200 535 1229 cum
557 1188 682 1242 gravi
711 1185 875 1228 affectu
903 1187 948 1228 in
974 1187 1155 1229 laudem
1183 1199 1335 1228 eorum
1357 1184 1506 1239 effusi,
1530 1187 1725 1231 extolla-

238 1269 340 1298 mus
357 1269 455 1308 eos,
475 1257 589 1299 vitia
609 1270 761 1298 eorum
776 1260 924 1298 autem
945 1256 1014 1297 vel
1035 1258 1281 1306 taceamuS,
1298 1255 1371 1297 vel
1392 1255 1722 1309 obumbremus,

238 1317 309 1368 vel
324 1325 438 1368 adeo
460 1338 789 1381 expurgemus3
820 1324 916 1366 fieri
939 1325 1072 1377 solet,
1104 1329 1152 1367 ut
1171 1325 1216 1366 in
1237 1323 1517 1367 adulatorum
1537 1338 1723 1370 numero

236 1394 493 1437 habeamur.
555 1394 682 1436 Idem
705 1393 871 1436 accidit
893 1393 1090 1446 Velleio,
1125 1394 1421 1449 Imperatores
1456 1407 1580 1447 suos,
1615 1408 1726 1450 quo·

236 1476 332 1506 rum
363 1463 593 1506 beneficiis
623 1464 860 1506 obstrictus
891 1468 978 1514 est,
1008 1463 1301 1505 admiratione
1331 1470 1374 1505 et
1408 1463 1541 1505 laude
1564 1476 1721 1519 prose-

237 1534 408 1589 quenti.
470 1532 582 1574 Inde
603 1532 727 1588 apud
743 1532 903 1574 doctos
923 1533 967 1574 in
988 1531 1272 1582 adulationiS,
1293 1535 1338 1573 et
1365 1531 1544 1586 quidem
1565 1532 1720 1588 abjec-

235 1606 313 1654 tae,
331 1602 494 1645 crimen
513 1602 710 1653 incurrit,
745 1614 848 1643 cum
876 1601 1063 1643 aliorum
1082 1600 1353 1656 scriptorum
1375 1600 1618 1643 auctoritas
1636 1601 1721 1644 hos

236 1671 461 1722 Caesares,
482 1671 684 1726 inprimis
702 1669 930 1712 Tiberium
952 1671 1137 1726 ejusque
1165 1669 1351 1720 amicos,
1374 1682 1511 1725 quam
1531 1670 1719 1712 severis-

236 1739 350 1782 sime
371 1740 614 1782 notaverit.
675 1738 850 1781 Horum
873 1739 1223 1794 vituperatorum
1242 1737 1403 1780 Nostri
1422 1738 1628 1792 princeps
1649 1742 1719 1782 est

235 1807 276 1851 Ι.
299 1808 502 1869 Lipsius,
523 1811 567 1849 et
586 1807 631 1848 in
650 1807 912 1862 praefatione
931 1811 975 1850 et
995 1807 1041 1848 in
1069 1806 1528 1849 animadversionibus
1548 1806 1718 1861 passim

235 1889 341 1919 eum
376 1889 580 1932 carpens.
649 1875 826 1918 Primus
859 1879 1016 1917 contra
1051 1875 1150 1931 ejus
1181 1874 1482 1917 defensionem
1515 1876 1718 1931 suscepit

233 1943 524 1988 Ruhnkenius
542 1946 590 1997 in
610 1944 738 1999 praef.
761 1943 983 1986 Editionis
1004 1956 1115 1996 suae,
1137 1943 1294 1986 deinde
1314 1944 1470 2000 majori
1488 1957 1586 1986 cum
1609 1957 1718 1987 cura

230 2012 484 2058 Jacobsius
511 2014 559 2055 in
580 2012 812 2055 Versionis
833 2012 1083 2054 vernaculae
1105 2011 1270 2068 Velleii
1287 2011 1559 2067 praefamine,
1592 2012 1715 2057 deni-

234 2093 321 2138 que
338 2096 473 2138 quam
495 2082 834 2138 diligentissime
857 2080 959 2124 Car.
982 2080 1383 2136 Morgensternius‚
1405 2094 1494 2123 una
1515 2094 1617 2124 cum
1636 2095 1716 2124 ex-

232 2151 382 2194 amine
402 2152 604 2194 locorum
636 2150 693 2192 de
728 2149 980 2192 adulatione
1012 2155 1344 2205 suspectorum,
1380 2151 1427 2192 in
1459 2149 1713 2195 Comment.

231 2220 390 2264 critica
410 2220 466 2262 de
485 2219 573 2262 fide
591 2219 802 2262 historica
819 2217 986 2261 Velleii
1013 2219 1068 2261 P.
1090 2219 1294 2273 inprimis
1315 2218 1370 2260 de
1390 2218 1647 2262 adulatione
1671 2220 1714 2262 ei

229 2288 425 2344 objecta,
446 2301 549 2343 quae
566 2287 766 2331 Editioni
777 2291 941 2329 nostrae
961 2287 1120 2342 majori
1138 2287 1331 2342 praefixa
1350 2291 1435 2330 est.

285 2355 342 2399 In
370 2355 585 2398 adulandi
620 2361 769 2398 autem
789 2356 990 2398 studium
1018 2355 1197 2399 Velleio
1227 2356 1412 2399 vertitur
1437 2369 1525 2398 non
1546 2357 1708 2410 solum,

229 2423 355 2481 quod
387 2423 611 2475 Caesares,
660 2424 841 2466 domum
872 2423 1138 2478 Augustam,
1172 2423 1494 2481 Caesarumque
1522 2426 1708 2478 amico&

227 2495 394 2549 praeter
412 2493 600 2535 aliorum
618 2492 930 2535 historicorum
960 2491 1108 2543 fidem,
1125 2493 1206 2548 qui
1235 2493 1411 2541 illorum
1430 2495 1573 2537 malas
1594 2498 1712 2538 artes

226 2566 272 2604 et
298 2561 548 2618 nequitiam
566 2564 798 2612 testantur,
834 2561 903 2604 vel
936 2575 964 2603 a
995 2562 1118 2605 vitiis
1138 2563 1342 2604 humanis
1361 2563 1597 2614 immunes,
1621 2562 1709 2617 vel,

227 2619 446 2686 praetenta
461 2631 577 2687 ipsis
595 2629 669 2673 his
681 2631 803 2672 vitiis
818 2631 997 2674 honesti
1013 2632 1185 2687 specie,
1202 2632 1394 2674 humana
1407 2636 1567 2674 natura
1576 2632 1708 2687 longe

228 2700 481 2755 superiores
515 2699 739 2752 ostendat,
777 2704 838 2752 et,
874 2700 992 2743 fictis
1022 2700 1170 2752 falsis,
1201 2700 1537 2756 speciosissima
1568 2699 1707 2747 ,laude

228 2772 446 2822 exornet;
477 2769 558 2812 sed
577 2769 709 2812 etiam
731 2769 852 2826 quod
873 2769 1054 2825 iniquus
1075 2771 1135 2813 sit
1154 2771 1198 2812 in
1217 2783 1310 2821 eos,
1331 2770 1408 2825 qui
1427 2769 1560 2813 invisi
1579 2773 1706 2811 erant

229 2833 490 2894 Caesaribus
522 2837 792 2895 amicisque,
815 2837 1028 2897 quodque
1058 2851 1349 2896 personarum
1374 2838 1557 2883 laudem
1586 2838 1705 2883 vitu-
