2002 3250
271 239 330 283 42
711 251 755 282 c.
788 249 995 282 vnmnzu
1032 251 1320 283 {aruncum

270 346 475 399 termino,
514 346 726 389 insulam²
766 346 1082 389 circumfusam
1117 346 1317 399 Oceano,
1338 347 1582 403 perexiguo
1604 361 1633 390 a
1653 361 1760 392 con·

270 413 427 459 tinenti
459 415 651 458 divisam
684 415 833 466 freto,Z
872 415 1045 458 Gades⁸
1074 417 1305 460 condidit!
1363 415 1438 459 Ab
1459 417 1621 459 iisdem
1652 422 1761 473 post

270 497 445 540 paucos
473 497 616 527 annos
648 484 693 526 in
726 483 887 526 Africa
926 484 1081 527 Uticab
1118 486 1299 528 condita
1339 491 1421 530 est.
1465 488 1530 541 [a.
1572 487 1677 530 Chr.
1714 500 1759 528 n.

271 552 422 606 1106.]
477 553 667 595 Exclusi
703 553 760 594 ab
803 553 1060 595 Heraclidis
1109 553 1284 596 Orestis
1326 555 1469 606 liberi,
1511 554 1760 611 jactatique

271 635 373 664 cum
418 622 557 664 variis
605 622 803 674 casibuS,
843 626 936 664 tum
977 623 1156 664 saevitia
1195 623 1346 674 maris,
1388 624 1542 679 quinto
1581 623 1762 667 decimo⁴

273 703 390 734 anno
426 691 577 734 sedem
613 704 772 746 cepere
804 695 974 733 contra³
1011 691 1208 733 Lesbum
1248 692 1456 734 insulam.
1495 693 1556 746 [a.
1578 691 1758 753 Chr5n.

330 828 374 871 3.
405 830 470 884 [a.
491 827 595 871 Chr.
615 843 658 871 n.
680 828 831 882 1110.]
859 828 978 871 Tum
998 828 1182 872 Graecla
1202 830 1416 872 maximis
1447 843 1666 874 concussa
1690 835 1762 874 est

271 898 493 940 motibus:
515 897 677 941 Achaei
697 911 757 940 ex
775 898 1008 941 Laconica
1029 900 1167 953 pulsi,
1190 912 1268 942 eas
1290 912 1571 955 occupavere
1590 898 1762 951 sedes,e

273 978 388 1021 quas
407 979 525 1008 nuno
546 966 769 1013 obtinent:
797 966 1002 1020 Pelasgi<l
1023 965 1227 1008 Athenas
1248 969 1619 1021 commigravere:
1640 981 1762 1010 acer-

273 1046 360 1089 que
391 1035 504 1077 belli
533 1034 731 1090 juvenis,
753 1036 934 1077 nomine
962 1034 1228 1086 Thessalus,
1249 1036 1427 1077 natione
1446 1035 1761 1091 Thesprotius,

273 1114 376 1144 cum
406 1115 572 1157 magna
605 1102 772 1145 civium
804 1116 957 1155 manu,
985 1116 1085 1145 eam
1103 1104 1328 1158 regionem
1349 1105 1486 1146 armis
1505 1104 1760 1159 occupavit,

200 1222 205 1227 ¹
274 1184 378 1227 quae
413 1185 532 1215 nunc
572 1172 629 1214 ab
667 1172 779 1228 ejus
807 1173 984 1214 nomine
1030 1171 1285 1215 Thessaliae
1323 1173 1591 1229 appellatur,
1643 1175 1764 1214 ante*

276 1238 630 1296 Myrmidonumf
639 1242 843 1285 vocitata
858 1241 1058 1285 civitas-‘³
1079 1241 1186 1294 Quo
1200 1243 1378 1284 nomine
1391 1242 1539 1284 mirari
1554 1240 1763 1284 convenit

317 1379 331 1395 ·
351 1374 412 1406 Illo
427 1377 565 1417 tempore
577 1378 609 1408 et
623 1375 733 1408 classis
750 1362 933 1418 Tgiriorum,
950 1377 1084 1408 multum
1099 1376 1183 1408 mam'
1194 1379 1319 1417 potens,
1334 1376 1472 1409 condidit
1490 1375 1598 1408 Gades
1608 1374 1645 1410 in
1660 1375 1764 1407 insula

276 1416 472 1450 circumdata
494 1428 620 1458 oceano,
633 1423 780 1461 separata
792 1430 812 1452 a
827 1422 913 1452 terra
924 1430 1026 1462 parvo
1033 1420 1136 1462 freto,
1151 1420 1186 1452 in
1200 1420 1323 1452 ultimis
1337 1419 1402 1452 oris
1419 1419 1600 1461 Hispaniae,
1614 1419 1648 1451 in
1659 1422 1763 1451 extre-

274 1460 464 1504 nn‘sfinibus
476 1463 579 1495 nostri
591 1462 730 1506 imperii.

899 1562 1139 1574 ‘mmo

277 1646 527 1680 Ruhnken.-—2
561 1647 672 1681 Insula
697 1649 764 1682 Ed.
791 1653 908 1692 pr.—3
944 1651 1002 1683 Ita
1028 1650 1123 1685 Jani.
1149 1650 1245 1683 Circa
1270 1650 1334 1683 Ed.
1357 1659 1409 1692 pr.
1435 1648 1617 1682 Ruhnken.
1642 1648 1763 1681 Burm-

277 1689 390 1732 Lugd.
416 1690 498 1724 Bat.
524 1693 556 1724 2.
588 1692 655 1725 Ed.
683 1693 829 1735 Bipont.
857 1699 894 1727 et
920 1694 1088 1728 clud.—4
1119 1694 1179 1728 Ita
1207 1693 1392 1727 Ruhnken.
1422 1693 1549 1725 Cellar.
1579 1692 1700 1725 Burin.
1726 1696 1765 1724 et

945 1801 1095 1835 NOTAE

319 1883 334 1899 ¹
356 1878 471 1921 Freto]
494 1878 686 1922 Angustior
700 1885 754 1914 est
767 1882 871 1914 maris
886 1883 994 1916 locus,

277 1929 359 1964 Hoc
371 1931 514 1973 Europa
527 1931 573 1978 al)
586 1930 708 1964 Africa
720 1931 906 1966 dirimitur.
930 1934 994 1966 Est

1091 1882 1107 1904 ¹³
1133 1882 1242 1924 Utica]
1266 1879 1359 1915 Urbs
1381 1880 1529 1923 Africae,
1543 1882 1639 1914 clara
1652 1887 1765 1916 morte

1049 1933 1204 1974 Catonis,
1238 1934 1418 1966 Uticensis
1450 1934 1550 1976 dicti,
1579 1935 1670 1977 quod
1699 1935 1765 1968 sihi

275 1982 577 2024 septingentorum
591 1992 661 2015 non
678 1983 826 2024 amplius
843 1984 969 2026 pedum
985 1995 992 2016 :

277 2042 318 2066 ac
334 2032 465 2065 dicitur
480 2033 707 2075 Gaditanum,
722 2034 902 2067 Gibrultar.
924 2035 996 2068 Ali-

275 2089 332 2119 ter
346 2085 573 2127 Herculeum,
589 2090 649 2118 aut
666 2086 911 2120 Columnarum
927 2087 995 2120 fre-

277 2141 364 2177 tum,
403 2135 446 2169 ab
483 2135 648 2169 Herculis
684 2137 853 2170 columnis
867 2149 876 2171 :
916 2150 993 2182 quae

277 2187 362 2220 nihil
374 2187 467 2232 aliud
481 2187 608 2220 suntin
620 2189 792 2221 sententia
807 2191 994 2232 communi,

277 2248 380 2281 quam
395 2238 464 2271 duo
480 2239 719 2280 promontoria
733 2250 810 2282 quae
821 2241 995 2274 Hercules

278 2289 422 2331 excidit,
437 2294 498 2322 aut
512 2290 618 2322 etiam
640 2295 788 2332 aggesta
813 2291 916 2324 humo
937 2302 995 2324 ex-

278 2342 413 2376 citavit.

322 2396 339 2414 ·
364 2391 485 2434 Gades]
505 2392 597 2425 Urbs
609 2392 774 2434 primaria
785 2393 904 2426 insulae
916 2403 995 2435 cog-

278 2444 440 2477 nominis.
485 2444 601 2485 Vulgo
630 2444 739 2476 Gadis.
786 2444 912 2476 Insulae
937 2455 996 2478 no·

279 2505 361 2530 men
375 2495 573 2538 multiplex.
599 2499 632 2528 1.
656 2495 800 2537 Gadita,
822 2497 919 2539 quasi
933 2498 994 2538 γῆς

281 2546 380 2590 δορὰ,
393 2548 506 2580 collum
521 2550 629 2579 terroe.
645 2549 679 2579 2.
696 2547 843 2581 Erithia.
881 2551 912 2581 3.
929 2549 994 2581 Co-

280 2599 397 2633 tinusa
426 2598 471 2632 ab
501 2598 674 2632 oleastris.
739 2601 773 2631 4.
799 2599 994 2633 Tartessus.

281 2651 403 2685 Hodie
417 2661 501 2685 vero
517 2650 628 2684 cmix.
660 2650 738 2684 Illic
754 2660 918 2693 regnasse
931 2652 999 2685 fer-

282 2707 343 2736 tur
373 2701 517 2745 Geryon
555 2702 751 2735 notissimus
789 2712 832 2734 ex
861 2703 999 2737 fabulis.

282 2754 419 2788 Postea
430 2754 556 2797 Tyriis,
567 2753 695 2786 deinde
707 2754 836 2795 Ptenis,
846 2753 998 2797 denique

280 2805 451 2848 Romanis
477 2805 598 2846 cessit,
627 2805 751 2848 quibus
774 2805 999 2840 Columellam

284 2855 422 2892 rustice
433 2856 485 2890 rei
500 2856 709 2900 scriptorem
724 2855 835 2891 dedit.

1050 1991 1198 2018 mortem
1216 1986 1249 2017 in
1267 1995 1310 2017 ea
1327 1985 1545 2018 consciverit.

1093 2041 1107 2057 ⁰
1132 2037 1198 2068 Eas
1213 2036 1316 2078 sedes]
1344 2036 1576 2078 Peloponnesi
1588 2036 1765 2078 regionem

1049 2088 1221 2130 intellige,
1238 2097 1341 2130 quam
1357 2097 1449 2120 nunc
1462 2087 1584 2120 Achoei
1599 2087 1766 2129 incolunt,

1049 2138 1084 2170 id
1098 2143 1164 2179 est,
1181 2138 1358 2170 Achaiam.

1091 2189 1107 2211 ‘¹
1130 2188 1276 2230 Pelasgi]
1306 2189 1402 2221 Gens
1428 2198 1529 2230 vaga.
1557 2189 1657 2222 Dicti
1682 2196 1765 2223 sunt

1049 2241 1106 2273 vel
1129 2250 1150 2272 a
1176 2241 1323 2281 Pelasgo
1352 2249 1454 2281 rege:
1479 2240 1546 2281 vel,
1561 2245 1601 2273 ut
1624 2241 1766 2283 quibus-

1049 2291 1128 2324 dam
1146 2291 1276 2333 placet,
1292 2290 1392 2333 quasi
1407 2290 1575 2333 πελαργοὶ,
1590 2290 1624 2322 id
1641 2295 1708 2332 est,
1721 2292 1766 2324 ci-

1049 2344 1161 2378 coniae.
1205 2342 1320 2382 Quod,
1337 2345 1377 2373 ut
1402 2342 1559 2382 ciconiae,
1586 2343 1766 2376 turmatim

1050 2394 1194 2427 Graecas
1209 2397 1246 2425 et
1258 2393 1455 2425 barbaricas
1465 2403 1529 2435 per
1541 2393 1645 2426 urbes
1657 2404 1765 2437 quon-

1049 2445 1127 2477 dam
1143 2449 1358 2477 erraverunt.

1092 2505 1106 2521 e
1131 2496 1306 2537 Thessalia]
1356 2495 1498 2527 Achaia».
1538 2496 1582 2527 ad
1618 2488 1766 2529 Meridi-

1049 2558 1117 2590 em,
1144 2553 1181 2581 et
1205 2548 1311 2590 Epiro
1340 2547 1384 2579 ad
1408 2547 1583 2579 Occasum
1607 2547 1764 2588 confinis,

1049 2600 1093 2633 ad
1133 2599 1244 2632 sinum
1291 2598 1527 2641 Pelasgicum,
1563 2603 1600 2632 et
1636 2599 1764 2632 Malia·

1055 2661 1143 2684 cum.
1449 2671 1456 2677 ·

1097 2701 1108 2724 f
1128 2700 1382 2745 Myrmidonum]
1406 2701 1541 2743 AEginae
1568 2701 1689 2733 insulae
1703 2710 1766 2743 po-

1053 2754 1136 2796 puli.
1181 2755 1336 2788 Quorum
1364 2762 1489 2784 nomen
1516 2752 1657 2784 ductum
1675 2756 1767 2786 esta

1052 2805 1191 2838 nomine
1207 2804 1348 2843 Graeco,
1363 2802 1519 2845 μύρμηκες
1525 2802 1684 2843 formica.
1712 2803 1769 2836 In-

1055 2855 1099 2891 de
1117 2855 1210 2890 enim
1229 2855 1415 2900 Μνρμηδὼν,
1436 2855 1523 2899 sive,
1546 2853 1683 2898 ξυνοικία
1705 2855 1770 2891 τᾶν
