2008 3210
311 250 462 294 lxxxii

356 363 498 448 vln3iicta
509 362 660 395 libertatis
673 369 771 397 morte
783 365 871 397 stetit
882 364 1032 408 (pensata

359 411 408 439 est
442 407 475 443 ii,
490 409 534 440 6⁴

311 450 412 482 Statio
427 451 523 492 (opp.
544 450 660 492 portui,
675 450 765 483 locus
788 452 821 483 in
845 462 909 495 quo
937 462 1032 485 naves

358 494 391 525 in
408 498 532 535 tempus
558 498 626 525 tuto
649 499 731 526 stare
757 496 908 538 possunt)
940 497 974 534 ii,
989 499 1032 530 72

358 542 394 568 ut
410 537 537 569 stationi
551 537 780 579 (Imperatoris,
795 545 945 582 tanquam
961 550 1032 572 cus-

357 581 442 612 todis
458 580 604 623 Imperii)
633 586 770 622 paternae
791 584 978 616 succederet
999 584 1033 622 ii,

359 626 423 657 124
454 624 526 657 Sic:
557 624 739 667 longissima
754 628 876 659 mortali
899 628 1034 660 statione

359 667 489 700 functus
511 668 546 706 ii,
564 671 625 700 131

314 709 581 797 Staltor‚)Jupiter
606 712 799 754 Capitoline,
811 715 862 758 (h.
885 724 915 746 e.
931 714 1035 746 Stabi—

372 755 432 786 itor
473 755 507 792 ii,
522 758 583 788 131

315 797 427 830 Statua
452 799 615 841 equestris,
645 799 677 830 in
701 800 805 831 rostris
820 801 924 842 posita
945 801 979 838 ii,
992 804 1032 834 61

359 841 462 874 facere
472 847 589 874 statuas
612 843 635 880 i,
646 845 686 875 11
711 848 823 875 statuae
835 845 1034 876 maximorum

362 886 515 917 artificum
527 886 675 928 perfectas
690 887 832 918 manibus
854 888 877 925 i,
894 891 935 920 13

318 927 436 960 Statuit
465 930 557 961 urbes
587 930 610 967 i,
626 933 644 963 1
684 930 819 962 libertati
848 936 1035 963 statutarum

361 974 491 1005 modurn
513 974 548 1010 ii,
565 976 607 1006 40
631 974 741 1004 statuit
755 974 930 1018 (decrevit)
945 985 1035 1007 sena-

364 1021 414 1048 tus
431 1017 653 1058 Carthaginem
667 1017 811 1050 excidere
834 1018 856 1056 i,
876 1023 917 1052 12

319 1058 425 1091 Status
441 1060 558 1101 publici
574 1062 775 1092 commutatio
809 1062 842 1099 ii,
859 1065 900 1095 35
925 1061 984 1105 (cf.
1001 1061 1034 1099 ii,

362 1103 458 1143 125).
482 1114 520 1135 ex
543 1115 607 1146 quo
622 1105 655 1135 in
672 1114 764 1146 quem
781 1110 896 1136 statum
927 1116 1037 1147 perve-

362 1148 445 1179 nerit
461 1147 585 1179 fortuna
595 1149 724 1189 publica
745 1148 778 1184 ii,
790 1152 832 1181 86
843 1148 900 1190 (cf.
915 1149 948 1186 ii,
964 1149 1036 1191 9l).

363 1191 491 1233 (status,
521 1191 663 1222 conditio
687 1192 834 1229 hominis,
851 1193 900 1224 vel
921 1204 959 1224 ex
974 1193 1037 1224 for-

363 1235 460 1272 tunis,
487 1235 538 1266 vel
566 1245 605 1266 ex
619 1235 705 1266 civili
719 1235 892 1277 dignitate)
916 1236 1038 1268 nullum

363 1283 479 1309 statum
516 1278 667 1310 habentes
696 1279 824 1321 (privati
849 1279 976 1312 civitate
1005 1285 1038 1312 et

362 1322 470 1359 bonis)
487 1321 520 1359 ii,
532 1325 574 1354 72
598 1327 715 1354 statum
732 1323 949 1355 concutientes
971 1324 1004 1362 ii,
1017 1328 1037 1357 2

361 1364 420 1407 (cf.
436 1365 675 1407 Praefationem)
774 1372 776 1374 '

320 1408 447 1441 steriles
462 1408 571 1440 talium
583 1410 756 1441 studiorum
777 1409 983 1451 (eloquentiae
1005 1415 1038 1442 et

365 1453 501 1495 poeseos
517 1463 648 1494 operum
662 1453 831 1495 infertiles)
847 1454 939 1484 urbes
959 1453 982 1491 i.
996 1457 1038 1486 18

323 1496 475 1528 Sterilitas
491 1496 632 1538 (inopia)
646 1497 770 1539 frugum
793 1496 815 1533 i,
832 1500 850 1529 1

324 1539 536 1582 stipendiaria
550 1540 712 1581 provincia
726 1540 795 1583 (cui
810 1544 929 1571 certum
940 1540 1037 1572 vecti·

367 1583 420 1634 3121
435 1584 616 1625 impositum
630 1583 693 1624 est)
714 1584 748 1621 ii,
772 1586 826 1616 3⁷.
839 1586 894 1615 38.
906 1586 948 1616 39
978 1583 1038 1626 (cf.

367 1626 401 1663 ri,
418 1629 460 1659 38

322 1626 480 1712 stipendii
495 1670 624 1701 modum
644 1669 702 1701 sibi
721 1668 869 1712 (milites)
885 1670 1037 1701 constitu-

366 1723 419 1745 ere
434 1714 541 1744 conati
556 1713 590 1750 ii,
606 1716 668 1745 125
685 1713 878 1755 stipendium
890 1713 1040 1757 (tributa)

366 1757 516 1799 ignavum
540 1757 708 1789 conserunt
743 1757 779 1795 ii,
795 1759 838 1789 39
871 1757 930 1800 (cf.
945 1757 1041 1800 Igna-

368 1811 443 1831 vum

321 1799 474 1876 strenuis
490 1841 694 1887 (vehemens)
709 1842 831 1886 impetu
865 1843 898 1875 ii.
915 1846 958 1877 ¹73
981 1843 1040 1887 (cf.

369 1886 546 1929 Impetus).

323 1930 437 1969 Studio
462 1929 608 1973 (ardore)
633 1940 754 1962 summo
783 1930 918 1972 petitum
954 1931 977 1968 i,
999 1934 1040 1964 17

368 1974 429 2018 (cf.
443 1974 478 2011 ii,
494 1975 553 2014 65)
568 1975 707 2005 studium
715 1974 876 2014 (imitandi
887 1974 1040 2017 summos)

316 2029 318 2031 ’
368 2027 441 2050 cum
470 2028 526 2060 spe
551 2018 685 2050 senescit
719 2018 741 2055 i,
757 2020 797 2050 17
836 2018 869 2049 in
900 2018 1040 2050 studium

368 2060 497 2104 (artium
513 2066 546 2093 et
574 2060 748 2103 literarum)
779 2071 836 2103 par
863 2072 896 2092 se
910 2073 1040 2104 congre-

369 2115 448 2156 gans
464 2105 613 2136 soeculum
636 2105 659 2142 i,
672 2108 711 2137 17
736 2104 841 2136 studia
850 2104 1041 2148 (literarum)

370 2158 393 2186 ι,
424 2150 477 2181 13.
500 2151 544 2181 69
567 2148 668 2179 Inde:
699 2148 812 2179 studiis
827 2149 914 2180 rudis
937 2149 972 2187 ii,
999 2152 1040 2182 73

311 2202 313 2204 ·
370 2191 498 2234 optimis
512 2191 767 2223 instructissimus
789 2191 822 2229 ii,
837 2194 881 2224 94

324 2235 418 2278 stylo
433 2235 554 2278 signare
577 2236 600 2272 i,
614 2238 657 2267 16
679 2235 763 2277 stylo
776 2235 878 2267 minus
889 2240 984 2278 egent
1007 2236 1042 2272 ii,

325 2320 390 2355 sua
404 2326 438 2355 et
451 2322 612 2354 celeritate
635 2326 668 2352 et
686 2321 813 2352 fortuna
828 2320 903 2364 (sibi
918 2322 1043 2364 propria

370 2376 400 2398 c.
415 2371 448 2398 et
462 2366 485 2397 f.
497 2366 555 2397 sibi
571 2365 712 2402 addicta,
733 2365 814 2404 fida)
830 2375 903 2396 usus
926 2366 960 2402 ii,
976 2369 1016 2398 61
1034 2377 1041 2396 :

314 2426 319 2427 ν
371 2409 413 2442 cf.
434 2408 575 2441 Fortuna
601 2409 679 2452 (Sic,
704 2408 917 2451 priorisensu)
943 2409 977 2446 ii,
989 2412 1042 2441 63.

371 2456 433 2486 105
457 2453 524 2503 (et)
542 2453 686 2494 princeps
698 2453 802 2494 operis
817 2453 864 2483 sui
875 2452 998 2483 Tullius
1020 2453 1042 2490 i,

371 2499 412 2530 17
437 2496 528 2528 Livia
548 2500 616 2527 tum
631 2496 767 2537 fugiens,
797 2506 869 2527 mox
884 2496 980 2527 futuri
995 2495 1043 2528 sui

370 2538 550 2584 (conjugis)
566 2540 710 2577 Caesaris,
731 2550 842 2571 manus
863 2539 898 2577 ii,
912 2543 953 2572 75
984 2539 1043 2570 cir-

316 2595 318 2607 1
351 2603 353 2605 >
372 2583 535 2616 cumfusns
544 2583 744 2624 amplexibus
756 2582 873 2615 Tiberii
893 2582 941 2614 sui
957 2582 1043 2625 (filii,

371 2626 539 2670 carissimi)
563 2625 727 2668 Augustus
762 2626 799 2664 ii,
827 2629 891 2659 123
929 2626 981 2658 Sic
1010 2626 1044 2664 ii,

371 2669 544 2704 {zm-inter
557 2679 630 2702 suos
644 2669 761 2713 (cives)
776 2669 946 2711 occupavit
960 2669 1045 2712 prin-

370 2714 512 2756 cipatum
539 2714 758 2746 Maroboduus
791 2712 825 2751 ii,
842 2716 906 2746 1⁰8
922 2713 996 2757 (cf.
1011 2713 1045 2753 ii,

374 2759 467 2797 120).
478 2757 586 2790 Caesar
597 2758 637 2789 ad
650 2768 723 2798 suos
738 2756 891 2801 (amicos)
906 2766 1045 2789 reversus

373 2800 408 2837 ii,
431 2803 475 2833 42
512 2811 569 2832 suo
590 2801 746 2845 (proprio,
782 2811 846 2843 quo
875 2810 916 2832 ex
943 2807 1045 2832 terum

316 2850 320 2856 ·
364 2843 483 2875 oniine
497 2845 704 2877 enarrandum
719 2843 803 2889 erat)
820 2844 891 2876 loco
906 2844 1046 2886 proeteri·

314 2898 317 2901 ¹
370 2891 442 2918 eun
460 2886 497 2924 ii,
508 2889 553 2919 68

932 291 935 294 Δ
977 266 1025 298 ΙΝ
1037 266 1136 297 DEX

1083 364 1197 397 Suasor
1211 365 1288 409 legis
1311 366 1343 405 ii,
1358 369 1401 400 44

1082 409 1224 441 Suavitas
1239 420 1357 442 morum
1371 410 1564 444 inimitabilis
1586 411 1620 450 ii,
1633 414 1677 446 97

1081 452 1168 484 Sub:
1197 454 1305 495 (notat
1319 459 1455 497 tempus,
1482 466 1546 498 quo
1577 456 1711 488 durante
1735 456 1793 489 ali-

1128 496 1204 538 quid
1221 497 1268 534 fit,
1293 497 1344 540 ut)
1359 499 1416 530 sub
1432 500 1602 531 adventum
1614 499 1749 542 alicujus
1771 501 1794 539 i¹

1130 542 1170 572 14
1197 545 1259 572 etc.
1293 541 1345 573 Sic
1372 542 1405 579 ii,
1429 545 1485 575 63.
1519 546 1592 576 101.
1622 545 1683 576 107
1735 543 1794 576 ωδ

1127 583 1255 615 Cratino
1271 583 1345 626 (per
1365 585 1526 618 Cratinum
1548 597 1573 618 s.
1595 597 1635 618 eo
1649 587 1794 630 auctore)

1127 637 1235 659 —una
1257 633 1332 659 aetas
1352 628 1518 661 illustravit
1533 630 1664 671 priscam
1679 639 1795 662 comce-

1127 670 1211 702 diam
1234 671 1257 709 i,
1283 674 1326 704 16
1362 671 1412 703 Ita
1444 672 1467 709 i,
1494 675 1534 705 17
1571 674 1630 704 sub
1653 673 1723 716 ejus
1737 685 1794 706 no-

1128 713 1211 745 mine
1241 715 1386 757 (nomine
1422 715 1519 758 851!ae
1549 716 1631 748 ludis
1669 717 1795 757 addito)

1129 757 1162 794 ii,
1179 760 1219 789 27
1255 758 1312 789 sub
1329 758 1420 790 titulo
1437 759 1596 791 ministerii
1624 760 1658 798 ii,
1670 763 1712 794 45
1736 762 1795 792 sub

1129 801 1233 842 specie
1258 802 1496 833 ministeriorum
1522 794 1740 845 principaliui'n
1761 804 1796 842 fl,

1129 847 1172 876 93
1195 845 1253 875 sub
1268 845 1342 888 (ex)
1368 844 1501 888 persona
1515 856 1635 884 eorum,
1660 847 1716 889 qui
1739 847 1794 879 illo

1131 892 1270 929 tempore
1298 889 1450 927 vixerant,
1474 889 1620 921 dixerunt
1650 890 1709 928 i‚3
1738 891 1796 922 sub

1129 931 1330 1007 &5223ssssss
1343 933 1399 1008 {50²
1412 932 1705 1010 <iitZ³133²32¹>133¹²
1713 934 1799 1009 &1⁶1⁰
1830 977 1837 983 ·

1322 999 1331 1012 9
1594 999 1604 1014 Ι

1129 1018 1188 1049 sub
1211 1018 1401 1060 Imperatore
1426 1024 1515 1061 gesta
1551 1020 1585 1057 ii,
1599 1023 1644 1053 89
1680 1021 1740 1063 (cf.
1763 1021 1799 1058 ii.

1120 1064 1185 1094 ·9o.
1202 1065 1281 1100 106)
1302 1062 1353 1095 Sic
1377 1063 1410 1100 ii,
1425 1066 1457 1095 9.
1473 1066 1526 1096 17.
1543 1066 1618 1096 101.
1637 1066 1710 1096 122.
1743 1065 1799 1106 qui

1131 1106 1189 1136 sub
1205 1106 1339 1142 Caesare,
1368 1107 1424 1138 sub
1441 1106 1584 1144 Afranio,
1609 1113 1698 1138 erant
1710 1117 1799 1140 exer·

1131 1148 1212 1180 citus
1235 1149 1267 1184 ii.
1284 1154 1337 1181 50.
1351 1153 1411 1182 113
1435 1160 1506 1192 quae
1517 1150 1715 1182 suboriente
1726 1156 1801 1182 sunt

1132 1193 1300 1233 provinciae
1332 1193 1365 1230 ii,
1382 1196 1426 1226 94
1460 1194 1518 1224 sub
1545 1194 1620 1236 ipsis
1645 1194 1800 1226 moenibus

1131 1235 1294 1278 oculisque
1309 1237 1395 1268 urbis·
1414 1237 1446 1274 ii,
1461 1240 1502 1269 21
1526 1236 1585 1279 (cf.
1599 1238 1634 1275 ii,
1646 1237 1719 1279 79).
1741 1236 1800 1269 aab

1132 1279 1181 1310 his
1191 1280 1342 1321 exemplis
1365 1280 1398 1317 ii,
1415 1283 1476 1313 127
1501 1280 1560 1324 (cf.
1576 1281 1610 1318 ii,
1626 1281 1710 1325 128)

1088 1323 1219 1354 Subdoli
1235 1323 1329 1354 animi
1344 1324 1475 1355 consilia
1496 1324 1530 1361 ii,
1547 1327 1610 1357 102

1089 1367 1285 1398 subduxerat
1308 1366 1512 1415 (abstulerat)
1537 1366 1679 1410 captivos
1704 1368 1802 1399 duces

1133 1409 1282 1451 triumphi
1295 1421 1366 1452 ejus
1377 1415 1564 1448 ‚ornamenta
1595 1411 1630 1448 ii,
1643 1414 1689 1444 40
1724 1410 1801 1442 For-

1133 1458 1210 1484 tuna
1247 1463 1335 1495 spem
1365 1454 1468 1495 magni
1498 1454 1634 1485 nominis
1669 1454 1704 1491 ii,
1736 1455 1799 1487 1⁶8

1133 1497 1306 1528 subducere
1321 1496 1474 1540 (eripere)
1487 1497 1627 1539 periculo
1650 1497 1684 1535 ii,
1698 1500 1741 1530 72
1768 1507 1802 1529 se

1134 1540 1278 1580 praesenti
1303 1541 1434 1582 tempori
1447 1540 1672 1583 (subtraxerat)
1708 1541 1742 1578 ii,
1758 1543 1801 1573 93

1134 1583 1194 1624 (cf.
1211 1583 1244 1620 ii,
1259 1583 1332 1625 86).
1355 1583 1465 1626 patriae
1486 1588 1714 1626 parentumque
1727 1584 1802 1615 sub<—

1133 1627 1229 1658 ducta
1249 1627 1386 1668 (remota
1397 1627 1452 1661 ex)
1466 1627 1565 1659 oculis
1578 1627 1665 1659 Julia
1686 1626 1721 1664 ii.
1737 1630 1802 1660 100

1089 1667 1234 1711 Subjecit
1257 1670 1357 1702 facem
1397 1670 1481 1702 bello
1521 1670 1606 1702 civili
1633 1669 1805 1714 (emituit

1134 1712 1266 1756 bellum)
1282 1713 1316 1752 ii,
1327 1717 1370 1747 48
1386 1714 1446 1756 (cf.
1461 1714 1495 1752 ii,
1504 1716 1559 1747 18.
1570 1713 1643 1755 49).
1657 1713 1802 1756 subjecto

1132 1757 1223 1788 rebus
1250 1767 1288 1788 ac
1317 1757 1484 1800 penatibus
1510 1757 1574 1790 suis
1595 1758 1664 1801 igni
1696 1757 1734 1795 -il,
1759 1759 1802 1790 74

1133 1799 1301 1841 imaginem
1325 1801 1519 1843 principatus
1537 1801 1606 1843 ejus
1621 1801 1721 1833 oculis
1735 1801 1803 1834 ani-

1133 1843 1254 1885 misque
1269 1844 1460 1886 subjecimus
1481 1845 1518 1881 ii.
1533 1847 1577 1884 89

1089 1885 1199 1919 Subire
1228 1887 1408 1930 (accedere,
1443 1887 1650 1930 oppugnandi
1689 1886 1802 1929 causa)

1134 1930 1246 1962 eodem
1255 1930 1390 1973 jubebat
1404 1932 1548 1963 cohortes
1563 1930 1715 1973 praecipiti
1731 1930 1802 1963 loco

1134 1973 1240 2014 pulsas
1264 1975 1297 2012 ii,
1314 1979 1333 2007 5
1372 1986 1443 2007 cum
1459 1985 1516 2017 per
1527 1974 1664 2006 Tiberim
1689 1973 1806 2006 subiret

1133 2017 1375 2059 (subveheretur
1400 2020 1441 2050 ad
1455 2017 1592 2061 Urbem)
1608 2018 1738 2050 navibus
1770 2017 1805 2055 ii,

1134 2063 1176 2093 45
1207 2061 1267 2103 (cf.
1280 2061 1315 2099 ii,
1331 2060 1413 2104 106)

1090 2103 1379 2190 Subita)exercitus
1408 2104 1523 2137 seditio
1558 2105 1593 2142 ii,
1618 2108 1659 2138 81
1695 2104 1754 2148 (οξ.
1770 2103 1804 2142 ii,

1091 2190 1262 2233 Subjunxit
1286 2197 1392 2224 nostro
1419 2191 1550 2234 imperio
1568 2201 1665 2222 novas
1679 2191 1804 2233 provin·

1136 2236 1200 2266 cias
1223 2235 1256 2272 ii,
1273 2238 1316 2268 39

1091 2277 1309 2310 Submiserunt
1316 2279 1417 2310 fasces
1427 2277 1628 2319 snos-privato
1639 2276 1780 2320 (Tiberio
1795 2289 1802 2308 :

1136 2326 1284 2363 tanquam
1309 2322 1497 2364 superiorem
1521 2321 1695 2351 salutarunt
1715 2319 1805 2362 eum)

1102 2361 1108 2366 ”
1135 2364 1170 2402 ii,
1184 2368 1228 2398 99
1247 2375 1350 2407 neque
1366 2365 1394 2396 ei
1407 2363 1552 2407 (victori)
1563 2364 1727 2396 inhoneste
1743 2362 1806 2395 vali-

1136 2418 1230 2450 quem
1245 2408 1386 2440 submitti
1410 2409 1462 2450 (se
1483 2406 1681 2450 submittere)
1711 2407 1747 2445 ii,
1762 2410 1804 2440 ³¹1

1135 2451 1293 2483 submissis
1309 2452 1399 2483 armis
1413 2450 1539 2494 (signis,
1553 2451 1616 2488 vel,
1633 2450 1745 2493 ponitis
1759 2460 1792 2482 ar

1136 2493 1212 2537 mis)
1227 2495 1389 2527 victoriam
1404 2504 1524 2527 cessere
1546 2494 1580 2532 ii,
1595 2497 1636 2526 85

1092 2537 1249 2570 Subnixus
1265 2537 1449 2581 (incedens)
1464 2537 1625 2569 cothurnis
1644 2537 1680 2574 ii.
1695 2539 1738 2570 82

1092 2581 1282 2624 Subscripsit
1296 2581 1447 2624 Agrippae
1467 2580 1500 2612 in
1515 2581 1554 2614 C.
1577 2580 1721 2614 Cassium
1734 2581 1806 2623 (sno

1137 2626 1326 2657 accusatoris
1341 2624 1626 2667 Agrippaeflomini
1650 2623 1768 2656 subscri

1138 2673 1185 2707 to,
1199 2670 1354 2702 secundas
1368 2668 1536 2714 accusandi
1552 2672 1656 2711 partes
1668 2666 1751 2711 egit)
1771 2666 1807 2704 ιὶ,

1094 2754 1304 2798 Subsequenti
1319 2761 1458 2798 tempore
1479 2755 1502 2793 i,
1514 2758 1535 2788 4

1093 2798 1268 2831 subsistere
1283 2799 1369 2831 domi
1383 2796 1576 2842 (remanere)
1611 2796 1646 2834 ii,
1660 2799 1703 2829 67
1738 2795 1806 2828 obi-

1137 2847 1224 2874 turus
1244 2843 1423 2884 provincias
1436 2841 1574 2875 substitit
1590 2839 1664 2884 (nel.
1685 2840 1719 2871 in
1733 2838 1806 2871 Ma-

1138 2885 1288 2927 cedonia)
1308 2886 1343 2923 ii,
1351 2888 1394 2919 74
