2002 3250
258 281 288 325 8
801 288 1199 321 PRoLEeoMENA.

258 391 388 439 tratu,
423 388 438 409 ‘
457 387 647 430 remissa
667 389 784 429 sorte
810 386 1089 442 provinciae,'
1117 387 1274 430 iterum
1299 387 1477 444 legatus
1501 386 1674 430 Tiberii
1697 388 1747 430 in

260 457 541 502 Pannoniam
571 456 750 508 missus,
780 456 1141 510 expeditionibus
1171 455 1272 512 ejus
1303 456 1509 500 omnibus
1534 456 1752 510 interfuit,-

259 540 353 571 non
371 526 519 570 solum
539 528 551 549 ‘
568 523 824 581 spectator,'
845 524 926 567 sed
940 525 1074 567 etiam
1096 527 1109 547 ‘
1128 524 1335 581 adjutor.'
1365 525 1473 568 Vid.
1496 538 1551 569 n.
1573 527 1675 570 111.

320 596 451 639 Bello
471 594 751 645 Pannonico,
773 606 814 635 a.
842 592 899 635 U.
921 592 974 635 C.
996 592 1075 635 76]
1089 625 1099 636 .
1127 596 1171 636 et
1191 593 1463 647 Dalmatico,
1487 595 1750 651 insequente

263 678 394 717 auno,
414 664 496 707 vix
517 662 742 715 confecto,
777 661 902 705 foeda
931 661 1084 705 clades
1111 662 1189 705 illa
1220 661 1422 706 Variana
1441 664 1487 705 in
1508 664 1752 708 Germania

260 737 452 789 accepta
485 736 555 775 est
581 730 698 789 (vid.
728 743 783 774 11.
814 729 965 787 117.);
1009 731 1067 774 ad
1099 745 1235 787 quam
1265 732 1582 775 vindicandam
1615 733 1751 776 Tibe·

259 803 367 855 rius,
385 816 410 844 e
432 801 661 844 Dalmatia
679 793 916 853 avocatus,
938 814 1039 843 cum
1059 814 1103 844 a.
1127 800 1187 843 U.
1209 800 1261 843 C.
1277 802 1378 845 763.
1399 802 1454 845 in-
1466 802 1751 846 Germaniam

261 885 323 916 ex
360 870 482 914 Urbe
524 869 881 926 proficisceretur
923 869 1039 927 (vid.
1077 882 1131 912 11.
1173 869 1316 927 120),
1355 871 1577 923 VelleiuS,
1615 871 1751 927 legati

263 939 412 984 officio
432 939 624 990 functus,
646 939 806 982 eadem
828 942 977 982 castra
995 940 1153 983 iterum
1173 943 1355 983 secutus
1375 945 1458 984 est.
1505 940 1629 983 Nam
1649 941 1750 997 eJus

261 1008 453 1052 narratio
487 1007 544 1050 de
579 1007 783 1050 Variana
814 1007 942 1050 clade
973 1012 1018 1051 et
1053 1009 1331 1063 singulorum
1363 1010 1525 1052 ducum
1557 1010 1750 1062 fortuna,

263 1079 407 1134 deque
437 1077 714 1133 imperatoris
741 1076 812 1118 sui
847 1077 982 1119 rebus
1013 1078 1152 1132 gestis
1183 1078 1247 1120 ita
1276 1078 1335 1121 ad
1370 1079 1571 1134 singulas
1597 1082 1750 1135 partes

263 1145 513 1198 descendit,
532 1150 583 1188 ut
602 1159 692 1188 non
721 1146 809 1187 nisi
834 1145 879 1187 in
909 1145 1153 1189 Germania
1185 1160 1240 1190 ea
1270 1151 1530 1203 compertus
1562 1160 1664 1191 esse
1683 1147 1752 1190 vi-

263 1214 433 1258 deatur.
491 1215 664 1257 Deinde
695 1214 784 1256 hac
818 1215 980 1257 militia
1008 1217 1235 1271 prioribus
1268 1217 1507 1272 stipendiis
1535 1225 1750 1260 annume-

263 1286 378 1335 rata,
396 1283 667 1325 novennium
687 1282 812 1334 illud,
844 1296 936 1337 quo
965 1283 1137 1326 Tiberii
1165 1298 1308 1327 rerum
1336 1285 1511 1342 adjutor
1530 1285 1619 1328 suit
1641 1285 1751 1328 Vel-

263 1352 394 1402 leius‚
415 1351 674 1406 completur.
734 1350 925 1393 Biennio
955 1355 1078 1407 post,
1111 1351 1353 1396 Germania
1382 1357 1427 1396 et
1446 1353 1609 1397 Galliis
1628 1368 1752 1397 com-

264 1420 442 1477 positis,
478 1432 522 1462 a.
553 1419 611 1462 U.
628 1417 680 1461 C.
709 1419 812 1462 765.
869 1419 1077 1463 Tiberius
1113 1420 1259 1464 redux
1286 1422 1332 1464 in
1361 1421 1588 1478 triumpho
1619 1423 1750 1466 donis

264 1487 499 1532 honoravit
516 1487 757 1531 Velleium.
815 1486 924 1530 Vid.
946 1499 1000 1530 11.
1019 1488 1120 1532 121.

324 1555 399 1600 Ab
418 1557 506 1599 hoc
528 1556 629 1599 inde
648 1569 764 1599 anno
790 1556 1091 1611 magistratus,
1120 1571 1203 1614 per
1232 1571 1347 1613 quos
1372 1559 1556 1614 patebat
1588 1560 1664 1602 via
1692 1559 1751 1603 ad

266 1630 523 1682 praeturam,
554 1625 725 1668 obiisse
753 1624 920 1668 Noster
946 1625 1136 1678 videtur,
1158 1626 1246 1668 nisi
1265 1626 1456 1678 veniam,
1475 1639 1500 1669 e
1520 1632 1751 1682 quaestura

266 1694 489 1738 ambiendi
514 1699 769 1750 praeturam,
795 1695 1110 1751 impetraverit.
1172 1694 1310 1748 Quod
1339 1695 1631 1751 improbabile
1662 1709 1752 1740 non

265 1766 347 1815 est,
370 1776 472 1806 cum
501 1761 710 1806 diuturna
737 1762 895 1805 militia
924 1776 953 1805 a
982 1764 1272 1819 capessendis
1301 1764 1648 1819 magistratibus,
1670 1778 1752 1821 per

267 1845 379 1888 quos
400 1832 459 1874 ad
477 1834 718 1887 praeturam
739 1830 1078 1883 ascendebatur,
1099 1831 1199 1875 sive
1220 1833 1452 1875 tribunatu
1467 1833 1629 1888 plebis,
1652 1834 1751 1876 sive

268 1899 505 1953 aedilitate,
548 1898 676 1957 (nam
713 1900 781 1942 sic
821 1900 1116 1944 constituerat
1159 1900 1415 1956 Augustus.
1459 1901 1567 1944 Vid.
1612 1902 1749 1946 Dion.

268 1966 398 2011 Cass.
429 1980 514 2010 Lu.
546 1966 643 2024 20.)
685 1967 953 2024 prohibitus,
991 1970 1050 2011 ab
1089 1968 1298 2023 Augusto
1335 1972 1381 2012 et
1419 1968 1601 2012 Tiberio
1641 1970 1752 2013 inter

266 2040 476 2094 praeturae
511 2035 773 2080 candidatos
805 2050 846 2079 a.
877 2036 938 2079 U.
961 2036 1014 2080 C.
1034 2038 1137 2080 767.
1165 2050 1259 2079 uno
1288 2040 1458 2080 tantum
1489 2050 1608 2081 anno
1636 2038 1750 2082 inter

266 2106 471 2149 militiam
505 2109 549 2148 et
576 2108 782 2161 praeturae
823 2105 1083 2160 petitionem
1124 2105 1378 2161 interjecto,
1414 2107 1751 2150 commendatus

265 2173 414 2217 fuerit.
474 2173 581 2217 Vid.
603 2185 657 2217 11.
673 2174 774 2217 124.
797 2178 915 2217 extr.
976 2174 1152 2218 Deinde
1170 2175 1296 2217 nulla
1315 2187 1461 2230 neque
1481 2175 1748 2227 tribunatus,

265 2255 410 2299 neque
431 2243 679 2296 aedilitatis,
696 2257 799 2287 cum
819 2246 991 2287 ceteros
1010 2244 1204 2287 honores
1223 2243 1375 2286 nullos
1396 2243 1669 2299 praeterierit,
1691 2243 1750 2286 ab
1778 2239 1781 2241 ⁴

266 2312 368 2368 ipso
382 2311 432 2355 fit
447 2312 634 2356 mentio.

326 2379 496 2423 Eodem
519 2384 669 2424 autem
688 2392 824 2431 anno,
851 2393 940 2435 quo
969 2380 1083 2423 obiit
1101 2379 1334 2435 Augustus
1354 2384 1402 2423 et
1420 2379 1629 2423 Tiberius
1649 2392 1751 2423 suc-

269 2449 419 2501 cessit,
453 2449 622 2509 Noster
651 2450 710 2492 ab
741 2453 933 2505 utroque
960 2448 1171 2505 Principe
1201 2449 1373 2505 populo
1395 2449 1749 2501 commendatus,

266 2521 436 2574 praetor
468 2517 725 2573 designatus
755 2522 841 2560 est.
896 2517 1004 2561 Vid.
1038 2530 1094 2562 11.
1124 2519 1228 2564 124.
1262 2522 1374 2561 extr.
1434 2517 1598 2573 Itaque
1633 2530 1751 2574 prae·

270 2591 414 2629 turam
435 2586 572 2641 gessit
590 2599 633 2629 a.
655 2585 716 2629 U.
734 2586 787 2629 C.
815 2585 917 2630 768.
947 2587 1063 2630 ultra
1093 2599 1231 2642 quam
1260 2586 1523 2631 ascendisse
1554 2585 1612 2629 ad
1645 2598 1750 2629 con-

272 2654 483 2707 sulatum,
502 2667 649 2711 neque
679 2654 837 2711 ipsius,
858 2667 1000 2713 neque
1018 2655 1153 2698 ullius
1181 2655 1371 2698 auctoris
1390 2657 1515 2697 extat
1546 2654 1749 2697 testimo-

269 2736 408 2766 mum.

331 2792 496 2848 Neque
515 2791 572 2835 de
590 2791 763 2848 reliqua
776 2791 877 2848 ejus
895 2791 994 2835 vita
1009 2794 1113 2848 post
1131 2794 1366 2847 praeturam
1386 2791 1625 2846 quicquam
1645 2802 1752 2832 con·

272 2864 380 2915 stat,
409 2861 496 2906 nisi
525 2861 649 2919 quod
678 2860 736 2904 de
763 2861 915 2918 operis
945 2860 1185 2917 conscripti
1214 2864 1429 2917 tempore,
1460 2872 1519 2902 ex
1545 2859 1628 2904 illo
1648 2859 1750 2917 ipso
