2008 3210
340 247 429 292 470

336 363 442 395 rueae,
458 353 511 386 cui
529 351 563 385 id
580 351 685 386 fuerit
695 353 809 387 bono?
835 355 968 388 Gruter.

381 405 475 438 Cm‘.
487 406 562 437 123.
578 403 711 438 Venitur
719 406 762 438 ad
772 405 907 448 tempus]
919 406 1008 440 Quae
1019 404 1054 438 in

339 458 407 489 hoc
423 455 539 497 capite
555 455 599 487 de
614 455 740 490 itinere
757 456 886 490 Tiberii
902 459 937 489 et
950 454 1058 489 colim

343 506 422 549 quio
434 514 511 538 cum
530 504 703 548 Augusto,
722 507 897 550 ipsiusque
910 506 1057 549 Augusti

343 561 457 589 morte
473 556 658 598 habentur,
686 558 832 600 amplius
858 558 940 591 vide
964 557 1057 601 apud

341 608 445 641 Dion.
460 616 531 640 nvi.
561 607 659 640 Suet.
675 607 766 650 Aug.
778 612 834 641 98.
855 613 893 641 et
912 606 1056 642 Tib-21.

341 659 428 691 Tac.
445 658 489 691 A.
507 667 533 690 ι.
546 662 579 691 5.
595 659 781 693 Suetonius
796 660 907 702 addit,
917 667 1056 694 revoca-

344 714 417 742 tum
434 708 608 742 leerium
620 711 747 744 secreti
758 712 923 744 sermonis
934 721 1058 744 caussa

343 769 420 792 cum
440 759 599 802 Augusto
614 760 720 794 fuisse
736 771 800 804 per
817 766 926 794 totum
942 762 1032 795 diem
1047 772 1056 794 :

343 810 436 843 lund
453 810 558 843 dubie
580 819 623 843 ea
647 811 829 844 revelabat
853 812 1058 852 successori,

345 871 424 905 quae
440 862 535 904 prius
546 870 613 894 uon
625 862 690 895 nisi
704 863 896 905 periculose
913 863 1059 896 revelari

344 917 521 954 poterant.
566 913 719 946 Omnino
744 913 835 946 enim
863 914 898 946 in
923 915 1058 956 magnis

345 965 502 1008 imperiis
517 966 566 999 ita
581 971 819 1009 comparatum
835 970 902 1008 est,
920 972 959 1000 nt
973 968 1059 999 mul-

344 1022 384 1049 ta
405 1016 509 1049 solius
534 1018 711 1060 Principis
737 1018 926 1060 cognitioni
953 1027 1061 1051 reser-

345 1068 460 1100 vanda
475 1068 558 1110 sint,
585 1078 661 1111 quae
685 1078 764 1102 cum
790 1069 945 1111 pluribus
967 1075 1059 1102 com-

346 1119 525 1152 municata
540 1122 607 1153 vim
625 1130 720 1152 suam
736 1119 923 1153 amittunt:
953 1125 1059 1164 atque

346 1170 422 1203 haec
450 1170 533 1203 talia
561 1178 796 1204 successorem
831 1175 965 1204 certum
990 1181 1060 1204 non

347 1231 490 1263 prorsus
505 1221 643 1264 quidem
656 1223 786 1263 celare,
798 1223 859 1255 sed
876 1232 940 1256 nec
956 1223 1060 1256 citius

349 1281 452 1314 quam
465 1275 544 1305 tuto
552 1271 629 1305 fieri
640 1277 769 1315 potest,
781 1273 818 1305 id
831 1277 898 1315 est,
909 1273 1061 1306 instante

347 1321 449 1354 fatali
464 1323 561 1363 hora,
588 1323 726 1365 aperire
754 1323 938 1367 quidquam
960 1324 1063 1358 decu-

350 1373 431 1405 erit.
454 1374 637 1406 Baecterus.

396 1424 588 1466 Firmanda]
619 1424 770 1458 Videtur
798 1424 881 1458 mihi
910 1425 979 1467 legi
1004 1423 1063 1458 de-

348 1473 447 1514 bere,
461 1474 670 1517 adfirmando
683 1485 771 1517 pace,
794 1485 864 1518 quoe
884 1475 961 1508 bello
975 1475 1064 1508 sube-

348 1528 465 1566 germ,-
506 1527 645 1569 tametsi
673 1528 851 1569 exemplar
879 1531 979 1559 vetus
1007 1527 1066 1559 ha-

350 1575 435 1609 beat
442 1576 625 1616 formanda.
641 1578 840 1611 Burrerius.
872 1578 1065 1621 firmanda]

351 1626 424 1660 Hic
438 1627 522 1660 item
538 1628 629 1671 quod
644 1628 688 1660 ad
700 1638 795 1662 oram
807 1632 873 1669 est,
879 1627 1065 1671 formanda,

350 1678 466 1720 potius
493 1678 618 1720 altero,
647 1679 740 1722 quod
766 1680 801 1711 in
826 1683 936 1712 textu.
981 1681 1064 1712 For-

350 1733 448 1761 mare
463 1729 554 1762 enim
571 1734 637 1772 est,
653 1729 742 1773 quod
759 1730 840 1763 alibi
855 1738 948 1773 saepe
965 1731 1065 1773 dicit,

351 1780 526 1814 ordinare.
556 1780 603 1814 Et
618 1782 740 1814 missus
749 1782 919 1824 Tiberius,
934 1787 974 1815 ut
987 1788 1064 1826 quae

351 1831 446 1865 bello
472 1832 631 1873 subacta,
656 1843 743 1876 pace
770 1834 963 1876 ordinaret,
984 1844 1064 1867 con-

353 1882 530 1916 stitueret.
560 1884 736 1917 Acidalius.
782 1883 1000 1927 [Utrumque
1015 1889 1065 1917 ta-

353 1943 433 1966 meu
478 1935 622 1967 tolerari
663 1935 811 1978 potest]
873 1936 1064 1977 Fir-manda]

353 1984 481 2018 Placet
491 1986 567 2018 aliis
573 1986 765 2025 for-mandax
789 1985 850 2019 sed
864 1995 1063 2029 perperam:

345 2036 482 2079 firmare
507 2036 585 2070 heic
601 2038 744 2070 verbum
768 2039 917 2071 maxime
933 2040 1067 2081 propri·

355 2097 426 2128 nm,
442 2086 579 2120 facilius
602 2088 693 2120 enim
710 2089 817 2121 multo
838 2098 912 2122 esse
923 2090 1067 2133 ‘provin-

356 2139 446 2171 ciam
472 2138 588 2172 facere
615 2150 717 2183 quam
742 2141 907 2183 retinere,
931 2141 998 2174 hoc
1015 2146 1068 2174 est

355 2188 508 2231 firmare,
532 2191 744 2224 ostendimus
760 2191 803 2224 ad
831 2193 891 2224 illa
915 2193 1067 2226 Cornelii

355 2241 415 2274 lib.
429 2250 500 2275 111.
517 2242 643 2275 Annal.
659 2252 737 2285 cap.
752 2247 807 2276 32.
832 2239 843 2263 ί
857 2244 958 2277 Ortae
975 2245 1067 2287 apud

355 2291 544 2334 Brigantes
551 2292 734 2326 discordioe
745 2299 924 2327 retraxere
933 2295 1070 2337 ducem,

357 2343 600 2377 destinationis
615 2349 763 2387 certum,
777 2355 820 2377 ne
836 2355 925 2378 nova
936 2346 1070 2379 molire-

357 2400 427 2437 tur,
443 2395 505 2427 nisi
523 2395 694 2438 prioribus
709 2395 875 2429 firmatis!
899 2396 1033 2431 Gruter.

398 2446 616 2489 Athletarum]
649 2447 750 2480 Inter
779 2447 941 2480 Athletas
969 2452 1070 2480 erant

356 2498 560 2539 luctatores,
597 2506 767 2540 cursores,
803 2499 950 2541 pugiles,
985 2499 1068 2531 item

357 2549 452 2581 disco
468 2553 505 2581 et
518 2549 610 2582 saltu
635 2553 822 2582 certantes.
867 2548 957 2582 Vide
973 2549 1069 2582 Mer-

357 2601 523 2634 curialem
537 2600 581 2632 de
596 2598 685 2632 Arte
700 2599 940 2642 Gymnastica.

400 2649 593 2693 Beneventi]
617 2651 871 2692 Beneventum,
883 2650 974 2694 qnod
988 2651 1069 2683 olim

357 2702 610 2744 Maleventum,
636 2703 750 2746 inquit
776 2703 921 2736 Plinius,
943 2702 1071 2735 Βενεού-

358 2765 457 2794 εντος,
472 2761 509 2787 et
534 2754 755 2797 Οὐενέβεντος,
777 2755 979 2789 Ptolemaeo.
1003 2756 1071 2788 Be-

356 2805 539 2846 nebentos,
552 2811 588 2839 et
600 2807 812 2849 Maloentos,
822 2807 1009 2844 Βενεβεντὸς
1019 2806 1072 2839 καὶ

359 2855 553 2899 Mamers-bs,
571 2856 759 2900 Stephano.
784 2857 927 2891 Colonia
954 2863 1020 2901 est,
1035 2858 1070 2890 in

646 256 790 290 NOTAE
824 256 1095 290 VARmRUM

1131 258 1183 289 IN
1217 258 1504 292 PA'rERcUm

1105 354 1247 398 antiquo
1261 355 1387 397 lapide.
1431 355 1708 398 Pelignornm,in
1719 356 1815 391 Sam-

1105 405 1233 438 nitibus
1249 406 1402 448 opidum,
1415 406 1508 450 quod
1531 407 1691 441 Leander
1705 409 1818 442 Bene·

1105 457 1200 488 venti
1230 457 1397 500 appellat.
1449 457 1646 492 Concordia
1674 458 1819 492 Colonia

1106 507 1366 549 cognominatur
1377 508 1469 550 apud
1486 509 1698 543 Frontinum.
1722 509 1817 543 Olim

1107 559 1308 602 Argyrippa
1331 559 1475 602 dictum,
1504 561 1662 595 scribunt
1693 561 1819 595 Surdas

1108 613 1145 642 et
1176 608 1375 643 Cedrenus:
1412 619 1481 643 non
1519 612 1593 644 sine
1628 620 1746 644 errore
1777 615 1818 644 nt

1108 664 1205 702 puto.
1230 660 1383 693 ortelius.

1153 711 1268 743 Nolam
1282 712 1389 753 petiit,
1404 711 1477 755 qa]
1498 713 1604 754 Nola,
1617 713 1819 747 Picentino·

1108 768 1182 794 rum
1199 762 1294 804 urbs,
1309 763 1343 795 in
1370 763 1485 804 Italia,
1512 763 1719 806 Ptolemae03
1735 763 1819 798 mo-

1108 811 1204 854 doro,
1232 813 1410 846 Straboni.
1468 813 1510 847 In
1546 815 1685 847 Samnio
1721 816 1821 858 ponit

1109 863 1272 906 Epitoma
1287 864 1375 897 Livii
1399 874 1557 899 mxxxix.
1582 865 1739 899 Amicam
1753 867 1821 899 Ro-

1109 919 1175 946 mae
1202 913 1289 946 dicit
1315 915 1359 947 D.
1377 915 1555 948 Paullinus
1581 916 1617 949 in
1635 917 1671 950 S.
1693 917 1821 950 Felicis

1110 964 1244 997 Natali.
1283 965 1429 999 Colonia
1454 966 1613 1009 Augusta
1642 972 1697 1001 est
1727 968 1820 1011 apud

1111 1013 1327 1048 Frontinum.
1384 1017 1522 1049 Nomen
1547 1019 1689 1051 retinet.
1720 1018 1822 1052 Idem.

1112 1065 1231 1098 Nolam
1255 1067 1368 1110 petiit]
1409 1068 1636 1101 Constantem
1665 1073 1822 1103 veterum

1111 1116 1309 1158 opinionem
1321 1127 1407 1160 esse,
1422 1119 1514 1162 quod
1529 1119 1706 1163 Augustus
1719 1121 1822 1155 Nolae

1111 1166 1259 1199 denatus
1274 1166 1390 1209 fuerit,
1404 1169 1440 1201 in
1463 1169 1576 1202 Fastis
1592 1170 1641 1203 ait
1654 1169 1825 1214 Sigonius.

1111 1217 1181 1251 Sed
1206 1215 1351 1252 fallitur.
1394 1220 1486 1252 Nam
1506 1219 1637 1254 Atellae
1662 1222 1697 1254 in
1726 1222 1826 1254 Cani·

1113 1270 1216 1313 pania
1230 1275 1402 1303 mortuum
1417 1281 1492 1305 esse
1521 1277 1681 1306 asserunt
1695 1273 1822 1306 Eutro-

1114 1322 1192 1363 pius
1219 1326 1255 1355 et
1271 1322 1450 1356 Eusebius.
1493 1323 1621 1367 Itaque
1637 1331 1822 1367 perperam

1114 1373 1222 1405 etiam
1234 1372 1427 1407 Glareanus
1443 1374 1478 1407 in
1492 1375 1662 1418 Eutropio
1678 1384 1826 1419 repone-

1115 1432 1154 1456 re
1170 1424 1327 1457 tentabat
1345 1425 1446 1457 Nolae.
1470 1426 1623 1461 Vossius.

1159 1475 1332 1508 Revocavit
1336 1475 1462 1518 filium]
1484 1477 1636 1510 Vixdum
1651 1477 1826 1521 ingressus

1115 1527 1297 1569 Illyricum
1329 1522 1498 1569 Tiberius,
1521 1530 1682 1572 properis
1707 1531 1828 1564 matris

1115 1578 1226 1610 literis
1251 1579 1400 1619 accitur,
1427 1588 1539 1622 neque
1566 1579 1650 1613 satis
1670 1590 1827 1624 comper-

1117 1633 1189 1661 tum
1207 1633 1273 1671 est,
1295 1630 1486 1671 spirantem
1507 1630 1617 1665 adhuc
1633 1630 1828 1675 Augustum

1116 1682 1208 1725 apud
1224 1683 1344 1716 urbem
1363 1683 1554 1725 Nolam‚an
1567 1684 1761 1720 exanimem'
1775 1697 1828 1720 re-

1116 1734 1262 1775 pererit.
1312 1733 1463 1767 Acribus
1486 1745 1634 1779 namque
1663 1738 1830 1770 custodiis

1117 1783 1256 1817 domum
1271 1790 1306 1818 et
1331 1785 1406 1818 vias
1432 1791 1590 1829 sepserat
1614 1788 1727 1830 Livia,
1741 1781 1828 1822 taeti-

1118 1845 1185 1878 qne
1199 1835 1372 1869 interdum
1386 1838 1499 1870 nuntii
1515 1838 1755 1883 v'nlgabantur,
1770 1840 1829 1873 do-

1116 1897 1182 1919 nec
1209 1887 1355 1929 provisis
1383 1898 1461 1931 quae
1491 1893 1628 1932 tempus
1653 1891 1829 1930 monebat,

1118 1937 1217 1970 simul
1234 1938 1424 1971 excessisse
1437 1939 1648 1982 Augustum,
1663 1945 1700 1974 et
1711 1937 1832 1975 ferum

1119 1988 1225 2029 potiri
1257 1988 1433 2022 Neronem
1467 1989 1559 2024 fama
1587 1992 1708 2026 eadem
1735 1987 1828 2027 tulit.

1117 2039 1272 2072 Tacitus.

1161 2090 1216 2122 Ad
1227 2094 1351 2132 patrem
1362 2091 1494 2134 patrioe]
1519 2092 1695 2127 Acidalius
1707 2103 1828 2128 vocem

1119 2142 1244 2174 Patrioe
1273 2142 1452 2185 irrepsisse
1487 2143 1675 2178 existimat.
1734 2145 1830 2178 Alias

1118 2201 1242 2226 nomen
1273 2194 1386 2236 ipsum
1414 2202 1543 2227 mrms
1573 2194 1722 2229 urata}
1755 2194 1827 2229 An-

1119 2248 1222 2287 gusto
1238 2249 1378 2277 senatus
1393 2253 1560 2278 consensu
1577 2255 1639 2289 per
1653 2244 1830 2281 Valerium

1119 2295 1303 2328 Messalam
1334 2295 1486 2329 delatum
1513 2298 1594 2330 satis
1620 2301 1740 2331 notum
1764 2303 1831 2332 est.

1118 2346 1261 2379 Sueton.
1279 2346 1372 2389 Aug.
1394 2350 1448 2380 58.
1485 2347 1616 2391 Estque
1635 2349 1711 2382 haec
1735 2359 1830 2382 cnm-

1121 2396 1238 2439 primis
1264 2396 1461 2439 magnifica,
1484 2402 1522 2431 et
1551 2399 1580 2431 si
1606 2391 1830 2434 'I'liemistiuru

1120 2448 1308 2490 sequimur,
1331 2448 1447 2481 divina
1462 2449 1497 2481 in
1513 2449 1706 2492 imperante
1722 2452 1831 2494 patris

1119 2499 1330 2540 appellatio:
1355 2501 1423 2532 θεῖα
1446 2499 1480 2533 δὲ
1499 2499 1580 2541 μόνη
1593 2501 1614 2542 ἡ
1634 2503 1692 2535 τοῦ
1715 2502 1833 2546 πατρὸς

1120 2549 1285 2590 ἐπωνυμία.
1307 2551 1449 2585 Boecter.

1166 2602 1316 2644 Pompeio
1330 2602 1522 2646 Apuleioque
1538 2603 1628 2645 coa]
1670 2602 1741 2636 Pro
1759 2605 1834 2638 Cos.

1122 2654 1297 2686 scribatur
1325 2655 1413 2687 Coss.
1450 2655 1580 2697 duplici
1609 2664 1641 2687 ss
1676 2664 1753 2687 nam
1782 2656 1831 2688 sic

1121 2706 1212 2738 solet
1228 2705 1329 2738 scribi
1346 2705 1533 2746 Consules;
1566 2705 1693 2738 Consul
1718 2715 1802 2738 vero
1817 2717 1834 2739 s

1122 2757 1234 2789 unico.
1278 2756 1321 2788 In
1348 2756 1471 2789 codice
1497 2761 1641 2789 vetusto
1663 2757 1832 2799 scriptum

1123 2812 1176 2841 est
1193 2809 1264 2842 Cos.
1288 2812 1405 2850 potest
1421 2811 1538 2840 autem
1562 2807 1667 2840 scribi
1692 2817 1709 2839 s
1732 2818 1835 2841 accu-

1123 2864 1200 2893 rato
1221 2859 1287 2892 —vel
1324 2862 1445 2892 erecto
1483 2862 1660 2900 utcunque
1698 2857 1833 2891 libebit.
