2002 3250
325 266 382 325 18
868 276 1266 309 ΡΒοιΕοοΜΕΝΑ.

322 372 474 430 119.);
504 380 579 417 aut
609 375 664 418 de
694 374 886 418 virorum
928 387 1198 417 summorum
1239 374 1310 418 vel
1340 374 1539 427 honeste,
1577 375 1649 419 vel
1685 374 1808 422 forti-1

322 449 405 498 ter,
421 445 492 487 vel
508 445 619 487 scite
636 444 787 495 dictis,
808 444 1012 485 virtutem
1030 446 1075 484 et
1089 442 1287 485 indolem
1309 456 1456 486 eorum
1477 443 1808 488 declarantibus

318 513 388 572 (v.
408 527 449 556 c.
485 526 516 555 1.
539 514 608 555 10.
644 524 696 555 11.
716 514 761 555 4.
794 513 864 554 14.
893 525 962 568 sq.
988 512 1060 555 27.
1083 512 1158 554 33.
1176 513 1248 555 77.
1267 512 1339 556 86.
1358 515 1481 567 &c.);
1512 519 1588 555 aut
1619 513 1674 555 de
1703 525 1809 570 gen-

321 584 432 635 tium
451 583 826 637 familiarumque,
848 581 1050 637 inprimis
1071 581 1220 623 adhu'c
1240 581 1407 624 Velleii
1428 586 1559 625 aetate
1578 581 1808 636 nobilissi-

318 665 506 703 marum,
534 651 712 693 fortuna
742 650 971 704 insigniori
1000 649 1065 706 (v.
1087 663 1127 692 c.
1161 661 1193 691 1.
1216 649 1288 691 11.
1315 663 1384 706 sq.
1416 660 1469 692 11.
1489 651 1560 693 10.
1596 650 1700 693 coll.
1732 649 1806 693 72.

314 719 442 777 *11.);
473 726 548 762 aut
578 720 632 762 de
662 720 792 762 rebus
824 719 1004 760 omnino
1032 718 1091 760 ad
1123 718 1436 773 antiquitatem
1468 718 1805 774 pertinentibus,

320 789 420 833 sive
441 790 496 832 de
517 790 782 844 dignitatum
813 792 856 830 et
882 787 1164 843 imperiorum
1196 787 1585 830 vicissitudinibus
1616 790 1676 839 (v.
1698 786 1806 829 0³2.

319 859 394 902 30.
430 859 502 902 32.
549 859 621 901 16.
668 858 774 909 89.)‚
817 855 899 898 sive
938 855 994 898 de
1035 856 1184 910 legum
1233 856 1554 898 consuetudine
1597 857 1645 898 in
1694 856 1805 899 viris

308 927 501 970 *eximiis
533 927 709 969 deserta
738 926 804 982 (v.
846 938 886 967 c.
922 936 975 966 11.
1008 924 1081 966 12.
1114 924 1220 975 30.),
1258 923 1343 965 sive
1375 923 1431 966 de
1467 925 1653 980 antiqua
1683 937 1810 968 seve-

319 997 514 1052 riorique
535 996 789 1051 disciplina,
810 994 881 1036 vel
901 994 1101 1048 publica,
1136 997 1228 1034 tam
1249 993 1500 1036 domestica
1519 993 1576 1050 (1.
1598 994 1669 1036 10.
1691 997 1807 1037 extr.

319 1064 392 1107 15.
432 1075 488 1107 11.
520 1064 564 1107 8.
586 1061 696 1118 10.),
729 1075 862 1118 quam
895 1061 1082 1103 militari
1111 1059 1190 1117 (11.
1211 1062 1256 1103 5.
1275 1058 1386 1116 78.),
1419 1062 1488 1103 vel
1522 1063 1700 1118 privata
1729 1064 1804 1114 (11.

319 1134 392 1175 14.
430 1133 532 1176 114.
573 1133 705 1183 126.),
736 1131 820 1173 sive
863 1131 917 1172 de
954 1130 1247 1173 aedificiorum
1282 1130 1671 1174 celeberrimorum
1706 1144 1805 1175 mo-

319 1202 557 1253 numentis,
595 1201 652 1243 ad
681 1200 844 1242 Velleii
872 1212 1015 1254 usque
1048 1202 1253 1254 tempora
1278 1199 1617 1254 perdurantibus
1648 1203 1700 1253 (1.
1732 1201 1804 1244 11.

322 1283 389 1325 sq.
423 1281 477 1312 11.
512 1270 554 1312 1.
585 1269 626 1312 8.
658 1268 730 1311 48.
767 1268 868 1310 coll.
903 1267 1007 1310 130.
1041 1267 1148 1319 31.>‚
1192 1267 1274 1309 sive
1312 1267 1367 1310 de
1405 1281 1551 1311 rerum
1582 1269 1630 1311 in
1661 1269 1804 1324 pretio

316 1339 566 1381 habitarum
586 1338 729 1381 initio.
790 1337 852 1380 V.
875 1350 914 1379 c.
939 1348 993 1378 11.
1014 1338 1057 1379 7.

375 1407 546 1450 Praeter
569 1407 667 1450 haec
697 1407 891 1449 variavit
925 1419 1042 1462 opus
1077 1418 1209 1448 suum
1230 1405 1450 1460 Velleius,
1473 1408 1565 1464 qui,
1589 1407 1804 1464 quicquid

317 1475 434 1518 scitu
454 1475 762 1530 dignissimum
793 1479 927 1530 atque
957 1476 1243 1518 utilissimum
1274 1481 1384 1528 erat,
1418 1479 1702 1532 sequebatur,
1735 1477 1805 1519 di-

304 1545 634 1599 gressionibus,
659 1545 822 1599 quibus
845 1557 1000 1598 genera
1020 1545 1229 1599 quaedam
1251 1546 1410 1588 talium
1429 1560 1586 1599 rerum,
1611 1561 1635 1590 e
1654 1547 1804 1603 singu·

315 1613 374 1655 lis
415 1615 627 1656 aetatibus
668 1613 995 1668 decerptarum,
1028 1626 1117 1655 una
1147 1614 1303 1669 specie
1335 1619 1565 1657 contracta
1599 1629 1803 1672 compre·

314 1682 481 1734 hendit,
501 1686 544 1724 et
574 1685 680 1738 post
706 1682 880 1736 longam
911 1681 1258 1738 continuamque
1277 1695 1423 1725 rerum
1444 1683 1533 1726 aevi
1561 1683 1802 1740 cujusdam

313 1754 538 1805 gestarum
568 1751 912 1800 enarrationem,
944 1750 1022 1792 ubi
1057 1751 1304 1794 subsistere
1331 1752 1516 1804 licebat,
1550 1752 1800 1808 legentibus

313 1819 509 1874 requiem
530 1822 574 1862 et
593 1819 856 1862 diverticula
874 1823 1018 1873 parat,
1041 1819 1296 1875 generisque
1314 1820 1471 1862 harum
1489 1834 1634 1863 rerum
1653 1822 1801 1877 ipsius

303 1888 519 1930 -notitiam
538 1888 673 1930 altius
693 1888 981 1931 inhaerentem
1001 1888 1276 1943 suppeditat.
1314 1889 1455 1946 Cujus
1474 1891 1538 1933 rei
1558 1891 1800 1949 eonsilium

313 1955 415 2011 ipse
437 1958 621 2013 exponit
642 1969 674 1999 1.
696 1957 769 1999 14.
831 1958 936 2000 Duo
956 1961 1105 2000 autem
1123 1959 1319 2000 maxime
1337 1962 1441 2001 sunt
1455 1972 1598 2002 rerum
1617 1972 1798 2014 genera,

313 2037 418 2079 quae
440 2039 468 2067 a
485 2029 704 2081 perpetua
722 2029 857 2081 atque
877 2031 1001 2069 recta
1029 2028 1297 2070 narrationis
1324 2029 1400 2070 via
1430 2027 1680 2082 digrediens
1700 2042 1798 2085 per-

310 2093 542 2137 lustravit:
573 2094 756 2136 alternm
786 2095 844 2137 ad
877 2095 1102 2137 literarum
1141 2108 1222 2151 per
1254 2096 1461 2138 diversas
1494 2100 1651 2139 aetates
1680 2097 1799 2140 inter

311 2159 505 2204 Graecos
537 2161 862 2217 Romanosque
894 2166 1083 2216 statum3
1116 2163 1299 2206 alterum
1327 2164 1385 2206 ad
1407 2164 1518 2206 fines
1539 2163 1715 2220 imperii
1737 2166 1800 2208 ci-

300 2229 557 2286 vitatisque
594 2230 814 2273 Romanae
854 2236 1129 2286 propagatos
1165 2233 1408 2287 pertinens.
1485 2233 1561 2275 Sic
1600 2236 1695 2277 tum
1736 2234 1796 2278 ad

310 2299 515 2342 colonias
549 2298 755 2341 conditas
788 2302 830 2341 et
861 2299 1067 2342 civitates
1097 2299 1263 2342 civium
1299 2300 1434 2343 Rom.
1461 2301 1560 2357 jure
1588 2301 1794 2355 donatas,

308 2368 560 2415 narratione
583 2366 640 2409 ad
662 2366 979 2422 Carthaginem
1012 2367 1207 2410 deletam
1227 2369 1446 2425 perducta
1472 2369 1528 2426 (1.
1549 2368 1667 2426 14‚);
1699 2373 1794 2414 tum

307 2436 367 2485 ad
397 2435 652 2491 provincias
685 2436 876 2480 Romani
913 2437 1106 2492 imperii,
1148 2451 1177 2480 a
1211 2437 1355 2494 Syria,
1393 2437 1600 2494 Pompeii
1630 2439 1794 2483 virtute

310 2505 510 2556 subacta,
543 2506 919 2560 opportunitatem
938 2510 1130 2558 -nactus,
1162 2508 1235 2559 (11.
1268 2506 1340 2550 38.
1378 2510 1421 2549 et
1451 2505 1547 2564 39.)
1578 2507 1790 2559 excurrit,

294 2572 525 2628 incipiens
556 2573 733 2628 quidem
766 2574 823 2616 ab
855 2575 1007 2617 harum
1047 2587 1189 2617 rerum
1223 2575 1375 2626 initiis,
1411 2575 1492 2617 sed
1527 2587 1792 2630 procurrens

306 2640 493 2683 ulterius
521 2641 578 2683 ad
613 2647 829 2694 extrema,
862 2642 941 2685 ubi
973 2642 1204 2686 desierunt
1235 2648 1451 2698 tempora,
1482 2647 1543 2695 ut,
1572 2641 1790 2699 quicquid

307 2708 580 2752 coloniarum
603 2709 849 2763 eonditum,
883 2711 1099 2767 quicquid
1128 2711 1456 2766 provinciarum
1485 2711 1543 2754 ad
1564 2725 1692 2755 suam
1711 2723 1788 2754 us-

304 2789 393 2831 que
427 2782 602 2822 aetatem
630 2779 801 2823 sactum
832 2781 907 2832 sit,
934 2781 1003 2823 his
1036 2780 1210 2823 duobus
1236 2781 1351 2824 locis
1380 2780 1788 2836 comprehenderet.

306 2843 382 2890 Ad
402 2845 552 2890 literas
578 2861 686 2892 voro
715 2848 904 2893 Graecas
931 2863 986 2893 ac
1006 2848 1238 2894 Romanas
1259 2849 1383 2906 quod
1402 2850 1572 2904 attinet,
1593 2848 1791 2907 primum·
