2008 3210
346 227 435 274 432

345 332 496 376 Augusti
517 337 610 366 artes
638 333 748 366 refert
775 333 818 367 Α.
834 343 861 367 1.
877 337 909 367 2.
931 338 964 367 2.
981 335 1054 376 pel-

344 384 524 418 liciebant.
549 385 642 419 Quid
657 386 721 418 boc
740 390 815 418 erat
831 386 935 427 aliud,
951 395 1053 428 quam

345 435 389 467 ad
411 435 518 468 otium
545 440 581 468 et
604 437 833 469 cessationem
849 437 892 468 ab
909 437 1054 478 agricul-

344 490 438 526 tura,
452 487 559 519 veluti
583 487 725 527 signum
745 487 903 519 omnibus
929 488 1053 520 sustol-

343 536 438 569 lere?
485 537 624 569 Scilicet
649 538 696 569 ita
718 538 900 570 obnoxiam
926 538 991 570 sibi
1015 537 1053 570 fi-

343 587 492 630 damque
530 588 666 629 plebem
700 588 907 629 reddebant,
927 588 955 620 si
977 588 1052 630 ejus

343 637 450 671 vitam
467 643 504 670 et
530 640 766 679 necessitates,
787 641 924 681 copiam
947 638 1054 680 inopi-

344 697 469 730 amque
518 690 626 721 veluti
662 690 696 722 in
736 700 835 722 mauu
875 690 1054 722 haberent.

342 740 505 772 Testatus
529 741 669 782 quidem
693 745 749 773 est
774 741 849 783 ipse
865 740 1055 783 Augustus,

342 791 515 832 prodente
550 791 715 824 Suetonio
750 791 841 833 Aug.
880 794 935 823 42.
975 790 1053 823 ‘se'

343 841 526 884 aliquando
548 842 731 883 ‘impetum
749 842 894 883 cepisse,
906 841 1054 873 frumen·

341 892 492 925 tationes
513 892 670 934 publicas
694 893 728 924 in
753 897 958 934 perpetuum
973 891 1054 923 abo-

341 942 446 979 lendi,
475 943 567 985 quod
604 953 721 975 earum
759 942 886 975 fiducia
918 943 1054 975 cultura

343 1004 502 1036 agrorum
519 999 693 1027 cessaret:
718 1003 830 1037 neque
845 998 961 1026 tamen
975 1004 1054 1036 per-

340 1054 528 1084 severasse,
543 1046 621 1087 quia
632 1050 764 1078 certum
781 1045 937 1085 haberet,
952 1055 1053 1086 posse

340 1106 406 1139 per
427 1097 650 1129 ambitionem
673 1098 877 1140 quandoque
894 1097 1055 1130 restitui.’

339 1141 443 1189 Vide,
468 1158 543 1190 quae
565 1149 608 1181 ad
631 1149 695 1181 hoc
721 1153 960 1190 argumentum
976 1159 1054 1191 per·

339 1198 488 1231 tinentia
502 1199 543 1231 P.
559 1199 709 1231 Cunaeus
731 1202 984 1232 commentatus
999 1204 1054 1232 est

341 1247 395 1285 de,
402 1258 479 1290 rep.
497 1249 590 1281 Heb.
606 1249 665 1282 lib.
680 1259 705 1282 1.
721 1260 752 1282 c.
767 1253 797 1282 3.
822 1251 965 1284 Boecler.

388 1299 506 1341 Ostiae]
521 1300 612 1333 Urbs
626 1301 694 1333 sita
706 1301 742 1332 in
754 1301 935 1343 Tyberinis
946 1302 1052 1336 ostiis.

382 1352 575 1393 Artauasdi]
621 1353 679 1385 De
709 1352 906 1386 Artauasde
934 1355 1052 1396 legere

341 1411 411 1435 non
425 1404 580 1436 memini:
607 1404 652 1436 de
666 1404 817 1446 Tigrane
826 1410 946 1438 monet
957 1405 1027 1438 Dio
1041 1417 1052 1446 ς

340 1453 527 1486 Suetonius
541 1454 681 1487 Tiberio
700 1459 733 1488 9.
767 1456 779 1474 ‘
791 1456 930 1488 Deinde
945 1457 1051 1489 ducto

342 1503 386 1536 ad
412 1503 595 1538 Orientem
623 1507 796 1547 exercitu,
823 1517 965 1549 regnum
987 1507 1052 1540 Ar·

338 1555 461 1587 meniae
483 1555 622 1598 Tigrani
649 1558 814 1599 restituit,
840 1567 880 1591 ac
904 1568 967 1600 pro
991 1558 1051 1591 tri-

338 1605 457 1638 bunali
490 1606 647 1640 diadema
675 1609 859 1650 imposuit.’
911 1609 1051 1644 Tacitus

338 1656 465 1691 Annal.
477 1667 519 1692 11.
543 1660 552 1677 ⁴
564 1659 676 1692 Datus
692 1670 713 1696 a
725 1661 862 1694 Caesare
878 1660 1051 1693 Armeniis

338 1708 516 1750 Tigranes,
543 1709 780 1752 deductusque
805 1712 840 1743 in
866 1720 1008 1753 regnum
1032 1721 1051 1743 a

339 1759 478 1792 Tiberio
493 1761 647 1793 Nerone.
675 1761 752 1794 Nec
766 1761 909 1803 Tigrani
922 1761 1054 1794 diutur-

339 1819 422 1842 num
455 1810 638 1852 imperium
668 1810 748 1852 fuit,
786 1821 897 1854 neque
931 1812 1051 1844 liberis

340 1861 431 1902 ejus,
443 1871 647 1904 quamquam
665 1862 816 1903 sociatis,
828 1873 922 1895 more
938 1867 1051 1896 exter-

338 1911 440 1953 no,in
450 1913 703 1945 matrimonium
713 1924 937 1957 regnumque.
961 1914 1050 1946 Dein

331 1963 429 2005 jussu
455 1963 602 2006 Augusti
624 1965 803 2007 impositus
822 1966 1051 2006 Artauasdes,

340 2019 377 2051 et
402 2025 472 2050 non
498 2016 571 2050 sine
598 2015 698 2049 clade
725 2022 844 2050 nostra
869 2017 1050 2059 deiectus!

337 2065 448 2099 Patet
463 2065 644 2109 dissensio,
659 2077 727 2100 non
740 2068 961 2107 conciliati03
984 2068 1051 2100 nisi

338 2115 367 2149 si
381 2115 475 2151 forte
491 2117 621 2150 dixeris
635 2128 714 2151 cum
729 2120 875 2161 Velleio,
889 2125 927 2153 et
947 2120 1051 2153 istum

339 2166 534 2205 a,Tiberio
571 2169 782 2205 deductum:
818 2180 895 2203 nam
923 2171 1049 2204 erroris

338 2217 523 2259 Velleium,
548 2219 608 2261 qui
629 2221 703 2262 ejiis
718 2221 797 2261 aevi,
812 2230 953 2262 arguere
967 2222 1052 2254 haut

338 2264 448 2305 ausim
462 2273 607 2303 temere.
629 2270 815 2311 Schegkius.
859 2271 1051 2314 Artauasdi]

339 2318 518 2365 Consensu
547 2321 649 2353 aliter
687 2322 845 2356 Romani,
869 2323 1052 2364 exterique

338 2370 540 2415 scriptores.
565 2371 695 2404 Omnes
708 2373 719 2390 ‘
735 2373 875 2415 Tigrani
885 2373 894 2386 '
908 2383 1049 2415 regnum

338 2420 460 2454 datum
484 2432 505 2454 a
527 2422 670 2457 Tiberio
692 2429 863 2465 asserunt,
889 2434 957 2456 non
984 2423 1049 2456 Ar-

337 2472 493 2518 tauasdit
517 2473 674 2516 Tacitus,
688 2475 884 2516 Suetonius,
898 2476 979 2516 Dio,
992 2476 1048 2509 Jo-

338 2523 476 2566 sepbus.
521 2525 665 2564 Nostra,
685 2525 713 2556 si
729 2525 792 2565 vis,
806 2525 849 2557 ad
867 2534 908 2558 ιι.
923 2525 1049 2558 Annal.

336 2567 429 2607 vide.
472 2575 567 2616 Ergo
582 2575 737 2609 Velleius
754 2576 846 2607 solus
861 2576 925 2608 boc
940 2576 1050 2609 nesci-

337 2625 400 2667 vit,
427 2630 487 2661 aut
512 2626 634 2658 melius
661 2626 783 2660 scivit?
835 2627 969 2662 Durum
999 2627 1049 2659 di-

338 2685 442 2717 cere;
464 2682 501 2710 et
527 2682 626 2711 certe
642 2678 676 2709 in
702 2677 804 2710 rebus
829 2677 965 2710 Tiberii
979 2678 1051 2720 sui,

338 2730 411 2759 tam
438 2726 574 2761 recenti
599 2729 778 2768 memoria,
801 2727 892 2763 faede
915 2739 1048 2772 errasse

338 2775 512 2819 „Velleium
527 2778 710 2820 piacularis
734 2779 781 2812 sit
803 2780 918 2821 culpa.
962 2780 1050 2813 Mihi

337 2826 442 2863 sedet
467 2828 645 2863 mutilum.
658 2828 902 2874 defectumque
934 2826 1050 2864 locum

650 236 794 271 No'l'AE
827 239 1099 272 VARIORUM
1133 240 1186 272 ΙΝ
1221 240 1511 274 PATERCUM

1105 345 1181 368 esse
1195 334 1326 379 (nonne
1342 337 1452 369 multa
1466 337 1501 369 in
1517 336 1584 368 hoe
1599 334 1717 370 libello
1725 334 1757 379 i)
1776 329 1825 370 α’

1105 385 1209 419 fuisse
1234 391 1358 419 antea:
1390 396 1521 427 reguum
1549 387 1615 427 ςὶω
1645 387 1820 421 Arcana

1105 441 1260 478 ereptum,
1290 437 1424 478 Tigrani
1447 436 1596 476 tradidit,
1613 440 1674 469 aut
1696 436 1767 470 tale
1781 436 1821 469 in

1105 488 1195 520 hunc
1211 498 1360 521 sensum.
1406 489 1496 520 Nam
1520 488 1586 520 etsi
1612 487 1757 520 Tacitus
1778 492 1833 520 ets

1105 538 1278 581 „Iosephus
1300 538 1479 572 Artaxiam
1508 548 1616 581 reguo
1640 538 1818 580 deiectum

1106 590 1239 630 volunt,
1254 599 1321 622 non
1335 589 1591 629 Artauasdem;
1614 594 1732 622 tamen
1751 597 1817 631 pro

1106 640 1238 672 velleii·
1253 641 1319 672 hac
1342 640 1532 682 scriptione
1556 640 1660 672 etiam
1673 640 1747 672 Dio
1760 639 1819 682 sit,

1106 691 1166 733 qui
1181 691 1240 723 lib.
1258 700 1333 723 uv.
1361 691 1396 722 in
1413 691 1499 723 actis
1515 690 1595 722 anni
1610 699 1816 724 »ccxxxiv-

1107 742 1235 773 diserte
1251 742 1386 782 scribit,
1408 743 1418 760 ‘
1431 742 1603 774 Tiberium
1623 742 1762 774 missum
1776 745 1817 775 ut

1106 791 1326 824 Artabazen’
1350 792 1458 835 (idem
1483 792 1542 824 ille
1557 802 1634 825 cum
1650 791 1817 825 Artena&

1107 840 1168 883 de)
1188 842 1198 859 ‘
1211 851 1318 883 regno
1339 843 1498 884 pelleret,
1524 846 1561 874 et
1585 842 1767 884 Tigranem
1781 843 1815 875 ei

1106 893 1326 935 imponeret.'
1358 894 1448 936 Lips.
1510 895 1686 928 Artauasdi
1710 893 1817 936 aedit]

1107 945 1221 986 Vulgo
1247 946 1396 978 tradidit.
1440 946 1487 978 Et
1508 955 1571 978 cur
1593 945 1650 978 liic
1677 954 1816 989 quoque

1105 1005 1174 1028 non
1190 996 1396 1036 maluerunt,
1416 996 1590 1029 Artauasdi
1613 997 1714 1039 dedu,
1736 1006 1816 1030 cum

1106 1046 1142 1078 in
1157 1046 1225 1079 Ms.
1241 1046 1361 1088 fuerit,
1376 1046 1534 1079 Artanzdi
1545 1047 1632 1080 dedit
1642 1045 1660 1080 :1
1701 1047 1817 1081 eete-

1106 1107 1179 1129 rum
1195 1098 1420 1130 vehementer
1432 1099 1487 1131 bic
1496 1099 1639 1140 vapulat
1647 1097 1815 1140 Velleius,

1105 1147 1196 1190 quod
1213 1146 1397 1180 Artauasdi
1412 1158 1433 1180 a
1446 1148 1582 1181 'liberio
1597 1157 1741 1191 regnum
1754 1147 1818 1181 da-

1105 1203 1179 1230 tum
1195 1198 1340 1240 scribat,
1358 1209 1436 1231 cnm
1459 1199 1518 1231 alii
1541 1198 1818 1241 Tigranem'snb·

1104 1249 1262 1282 stituant.
1306 1250 1388 1282 Non
1402 1250 1575 1283 excutiam
1594 1250 1736 1283 aliorum
1758 1250 1818 1286 coj-

1104 1303 1217 1332 natus.
1253 1300 1329 1342 Ego
1344 1301 1518 1343 vulgatam
1531 1298 1816 1345 lectioneqmis'

1102 1349 1186 1383 ferri
1201 1361 1300 1393 posse
1315 1361 1452 1385 censeo.
1497 1353 1620 1385 Movet
1637 1352 1734 1385 locus
1755 1352 1814 1386 ille

1101 1401 1216 1433 Taciti
1237 1400 1363 1434 Annal.
1386 1411 1428 1435 ιι.
1461 1403 1471 1421 ⁶
1486 1403 1598 1438 Datus
1626 1413 1647 1436 a
1673 1403 1816 1436 Caesars

1102 1451 1276 1487 Armeniis
1303 1452 1485 1495 Tigranes,
1511 1453 1753 1496 deductusque
1778 1454 1815 1487 in

1104 1513 1248 1545 regnum
1272 1513 1292 1535 a
1311 1504 1366 1535 Ti.
1385 1504 1537 1539 Nerone.
1583 1505 1660 1539 Nec
1674 1505 1816 1546 Tigrani

1104 1554 1301 1589 diuturnum
1317 1554 1499 1595 imperium
1518 1554 1608 1596 fuit:
1629 1557 1696 1588 dte.
1717 1554 1815 1598 [vide

1105 1604 1225 1646 supra]
1247 1605 1257 1622 ‘
1271 1604 1362 1636 Dein
1384 1605 1488 1646 jussu
1501 1604 1652 1646 Augusti
1674 1605 1815 1649 imposh

1105 1661 1160 1688 tus
1176 1655 1399 1697 Artauasdes,
1411 1660 1448 1688 et
1459 1665 1528 1688 non
1540 1657 1613 1688 sine
1625 1656 1725 1695 clade
1735 1666 1816 1695 nos-

1105 1711 1159 1738 tra
1174 1706 1355 1746 dejectus!
1385 1707 1532 1739 Videtur
1543 1708 1650 1749 igitur
1659 1708 1815 1747 Velleius

1103 1757 1289 1799 Tigranem
1306 1757 1472 1799 omisisse,
1483 1759 1589 1800 quod,
1605 1763 1644 1792 ut
1655 1759 1704 1792 ait
1716 1758 1816 1792 Taci-

1104 1812 1173 1849 tus,
1194 1808 1292 1840 brevi
1319 1812 1453 1844 tantum
1482 1810 1598 1851 spat-io
1621 1803 1814 1852 imperarit.

1104 1860 1180 1893 Nec
1193 1863 1261 1900 est,
1275 1859 1367 1901 quod
1383 1859 1458 1901 quis
1473 1859 1701 1893 Artauasden
1710 1861 1816 1906 jussu

1103 1909 1251 1951 Augusti
1278 1910 1466 1942 deductum
1495 1910 1601 1944 dicat.
1654 1911 1746 1947 Nam
1774 1913 1814 1944 et

1102 1961 1192 1993 idem
1209 1961 1252 1995 de
1261 1961 1414 2002 Tigrane
1427 1971 1471 1993 ex
1482 1961 1604 1995 Tacito
1615 1964 1815 2004 cognoseat&

1102 2012 1248 2052 Sufficit,
1263 2012 1292 2044 si
1318 2023 1338 2044 a
1362 2012 1511 2052 Tiberio,
1529 2013 1629 2054 jussu
1649 2013 1814 2057 Augusti,

1103 2073 1207 2105 regno
1224 2063 1423 2104 impositum
1437 2067 1643 2097 statuamus.
1675 2065 1814 2100 Vomitu-

1149 2117 1248 2158 GuJ'us
1257 2126 1326 2158 rex,
1339 2118 1411 2159 ξω]
1426 2117 1531 2159 Puto,
1544 2118 1625 2150 Cum
1635 2128 1707 2151 rex.
1729 2118 1813 2161 Lip-

1102 2177 1184 2200 sius.
1751 2201 1757 2204 .

1147 2219 1235 2252 Can.
1257 2222 1312 2251 95.
1350 2219 1474 2261 Quippe
1501 2220 1646 2262 aternus]
1668 2220 1813 2255 Sueton.

1102 2269 1178 2302 Tib.
1200 2272 1234 2301 9.
1262 2270 1338 2302 Liv.
1363 2270 1460 2311 Epit.
1479 2278 1635 2303 cxxxvr.
1658 2274 1696 2304 et
1717 2277 1813 2315 seqq.

1102 2321 1194 2353 Flor.
1209 2330 1260 2353 lv.
1277 2323 1331 2354 12.
1346 2323 1400 2354 22.
1414 2322 1478 2353 &c.
1505 2321 1638 2356 Hister.
1659 2322 1814 2357 Miscell.

1103 2381 1170 2404 vu.
1194 2375 1246 2405 14.
1269 2372 1372 2405 Oros.
1398 2381 1448 2404 vr.
1472 2375 1527 2405 21.
1550 2373 1677 2407 Horat.
1697 2374 1813 2408 Carm-

1102 2433 1154 2456 lv,
1180 2426 1214 2456 4.
1239 2423 1296 2455 ubi
1317 2423 1551 2464 Interpretes.
1574 2424 1646 2456 Dio
1670 2433 1745 2458 uv.
1775 2435 1812 2468 p.

1101 2476 1179 2506 613.
1201 2478 1238 2505 et
1252 2477 1329 2506 654.
1349 2475 1473 2506 Strabo
1488 2484 1556 2508 vn.
1572 2484 1623 2517 pr.
1648 2476 1806 2511 Bocota.

1145 2525 1271 2566 Reios]
1303 2526 1426 2566 Rlaeaeti,
1446 2526 1574 2567 ‘Potiu-oc,
1600 2528 1719 2569 populi
1740 2528 1814 2561 Cis-

1102 2576 1210 2617 alpini
1237 2581 1275 2608 et
1298 2577 1525 2618 Transalpini,
1551 2578 1644 2619 apud
1670 2577 1813 2611 strabos

1102 2635 1181 2658 nem
1194 2633 1229 2658 et
1245 2627 1408 2658 Plinium.
1454 2628 1533 2659 Sine
1548 2624 1812 2670 afflatu¹sbique

1101 2677 1136 2710 in
1153 2678 1396 2716 marmoribus,
1423 2677 1525 2717 Rani,
1551 2677 1635 2711 item
1658 2677 1761 2718 Reti,
1782 2677 1812 2711 si

1100 2729 1232 2761 Smetio
1246 2733 1283 2761 et
1300 2728 1437 2762 Goltzio
1459 2726 1558 2761 fides.
1601 2726 1812 2762 Ptolemaeus

1101 2780 1273 2812 Rhoetiam
1283 2779 1538 2812 circumscribit
1549 2779 1659 2820 linea,
1666 2784 1812 2825 qualest

1101 2830 1194 2864 inter
1208 2830 1326 2874 capita
1347 2829 1459 2864 Rheni
1477 2833 1516 2863 et
1529 2830 1695 2873 Danubii}
1710 2834 1813 2874 98118
1826 2839 1828 2841 ’
