2002 3250
611 273 678 305 DE
710 273 889 307 OPEms
922 274 1129 306 vncnmr
1163 276 1372 309 ιΝυοιΕ.
1676 268 1733 313 11

612 679 678 711 DE
710 677 889 710 OPERIS
921 678 1130 711 VELLEII
1163 678 1374 712 INDOLE.

303 794 497 838 Ormus
517 791 683 837 Velleii
703 791 859 844 index,
907 795 921 814 ‘
938 791 1162 836 Historiae
1185 793 1407 836 Romanae
1432 792 1490 836 ad
1517 791 1584 836 M.
1604 791 1733 837 Vini-

237 865 363 908 cium
388 861 624 906 consulem
655 860 708 902 L.
735 859 799 901 ¹1?
832 861 916 902 sub
948 874 1039 916 quo
1074 875 1103 904 a
1133 861 1278 906 Beato
1300 861 1516 904 Rhenano
1539 863 1732 918 primum

242 933 413 977 editum
442 935 527 983 est,
558 929 634 974 vel
663 928 854 983 singulis
885 929 1068 984 quidem
1090 929 1276 973 Codicis
1306 930 1499 986 paginiS,
1525 931 1599 974 vel
1630 932 1734 975 libri

241 1003 423 1046 alterius
443 1001 570 1043 initio
598 997 944 1054 superscriptus,
973 998 1055 1041 sed
1076 1013 1104 1042 a
1129 1000 1410 1055 grammatici
1429 1012 1566 1042 manu
1582 1000 1734 1057 cujus-

242 1071 363 1123 dam,
397 1070 616 1112 ambitum
651 1068 860 1124 opusculi
890 1068 1010 1110 haud
1042 1070 1226 1124 penitus
1252 1069 1587 1125 perspicientis,
1623 1073 1670 1113 et
1704 1083 1733 1112 a

242 1139 408 1194 potiori
441 1139 700 1191 argumento
728 1135 841 1177 illud
869 1135 1160 1189 dimetientis,
1186 1136 1405 1193 praefixus
1425 1151 1526 1180 esse
1543 1137 1733 1182 videtur.

241 1207 472 1250 Velleium
499 1205 614 1248 enim
642 1217 732 1246 non
759 1205 965 1258 proxime
996 1205 1318 1259 Romanorum,
1344 1207 1424 1249 sed
1449 1221 1630 1263 quoque
1650 1222 1734 1251 ex-

241 1281 435 1320 terorum
466 1287 538 1317 res
562 1286 644 1328 pro
676 1273 826 1327 operis
855 1275 1053 1329 suscepti
1082 1273 1267 1318 modulo
1298 1280 1582 1331 persecutum
1614 1290 1731 1330 esse,

242 1358 302 1388 ex
336 1343 497 1400 prioris
523 1342 628 1385 libri
654 1341 919 1396 fragmentis
944 1347 1144 1399 apparet.
1208 1343 1329 1386 Nam
1357 1357 1459 1386 cum
1486 1345 1639 1388 statim
1673 1347 1732 1389 ab

240 1414 384 1466 initio,
424 1415 641 1469 quantum
683 1415 909 1467 superest,
954 1404 1144 1468 incipiat
1183 1412 1285 1456 inde
1314 1427 1342 1456 a
1375 1412 1587 1466 Graeciae,
1623 1417 1734 1470 post

240 1482 395 1540 Trojae
416 1481 658 1532 excidium,
686 1480 862 1523 fortuna
888 1484 934 1524 et
961 1482 1364 1534 vicissitudinibus,
1395 1495 1565 1538 easque
1591 1484 1733 1526 conti-

241 1557 364 1604 nuet,
384 1550 654 1594 intermixtis
675 1562 759 1592 suo
778 1550 882 1593 loco
904 1554 948 1593 et
967 1554 1186 1607 tempore,
1208 1564 1310 1606 quae
1328 1551 1387 1594 ad
1406 1551 1643 1595 civitatum
1657 1553 1732 1595 vel

243 1621 508 1665 Italicarum
552 1622 604 1673 (1.
639 1619 682 1662 1.
717 1619 762 1661 4.
792 1618 872 1674 7.),
901 1620 976 1662 vel
1019 1621 1310 1663 barbararum
1350 1621 1403 1672 (1.
1435 1620 1477 1663 2.
1519 1621 1599 1674 6.),
1645 1622 1732 1665 ori-

241 1691 368 1746 gines
397 1690 663 1746 pertineant,
699 1700 845 1743 usque
871 1688 930 1730 ad
963 1687 1103 1731 Urbis
1133 1688 1324 1731 conditae
1356 1692 1554 1740 aetatem,
1585 1702 1613 1732 a
1642 1702 1733 1746 qua

240 1759 344 1802 inde
364 1759 522 1814 ingens
544 1758 713 1800 lacuna
731 1757 896 1812 prioris
918 1758 1019 1800 libri
1047 1758 1291 1800 maximam
1320 1760 1508 1814 partem,
1530 1758 1734 1813 longam-

242 1842 330 1885 que
349 1841 494 1870 rerum
515 1829 559 1868 et
580 1839 796 1869 annorum
818 1826 992 1878 seriem,
1023 1826 1080 1868 ad
1102 1827 1321 1869 Perseum
1347 1840 1491 1882 usque
1513 1826 1733 1871 Macedo·

239 1897 327 1940 niae
347 1909 495 1950 regem
531 1909 573 1938 a.
606 1894 667 1938 U
688 1893 741 1937 C.
769 1895 871 1938 580.
902 1895 1145 1948 devictum,
1173 1895 1350 1949 hausit3
1381 1895 1618 1950 probabile
1643 1901 1732 1948 est,

235 1965 465 2016 Velleium
495 1964 636 2007 totius
656 1963 778 2006 orbis
809 1964 992 2019 antiqui,
1021 1963 1227 2023 inprimis
1257 1976 1364 2007 vero
1395 1962 1547 2006 Graeci
1574 1967 1619 2006 et
1643 1963 1735 2007 Ita-

240 2034 334 2086 lici,
364 2046 497 2089 quem
526 2045 660 2075 nosse
686 2032 854 2074 civium
874 2044 1054 2074 suorum
1074 2033 1270 2075 maxime
1297 2033 1519 2083 intererat,
1541 2033 1732 2087 origines

241 2101 708 2155 commutationesque
729 2112 831 2141 esse
854 2100 1157 2155 complexum,
1179 2101 1319 2143 donec
1339 2100 1396 2142 ad
1412 2114 1466 2142 ea
1486 2102 1734 2155 pervenerit

241 2174 455 2226 tempora,
477 2169 660 2224 quibus,
681 2172 732 2210 ut
750 2169 986 2223 imperium
1006 2168 1314 2213 Romanorum
1329 2173 1542 2211 terrarum
1562 2170 1731 2222 orbem,

193 2290 202 2300 ,
240 2240 304 2283 ita
323 2252 479 2282 eorum
499 2238 689 2280 historia
705 2241 951 2280 ceterorum
966 2238 1236 2294 populorum
1255 2251 1325 2280 res
1346 2242 1497 2292 gestas
1517 2236 1731 2291 hauserit,

240 2309 373 2364 quasi
403 2311 450 2351 et
483 2308 532 2349 in
562 2320 611 2349 se
641 2306 1035 2362 comprehenderit.
1095 2305 1155 2348 Et
1182 2306 1282 2349 haec
1312 2305 1492 2362 quidem
1521 2312 1622 2349 sunt
1655 2307 1733 2351 illa

238 2380 458 2440 tempora,
480 2376 659 2432 quibus,
690 2374 998 2418 Macedonum
1020 2388 1158 2430 regno
1187 2375 1352 2428 deleto,
1375 2375 1734 2432 Carthagineque

241 2447 286 2487 et
312 2443 527 2487 Corintho
558 2443 744 2495 excisis,
780 2442 975 2486 Romani
1001 2444 1222 2499 reliquum
1251 2445 1405 2487 orbem
1434 2445 1623 2500 imperio
1649 2457 1732 2487 suo

242 2513 543 2570 subJecerunt,
593 2512 881 2567 omniumque
928 2513 1201 2568 populorum
1247 2512 1470 2555 fortunam
1510 2511 1733 2555 moderati

243 2586 360 2625 sunt.
419 2581 580 2637 Itaque
596 2594 624 2623 a
646 2581 814 2623 Perseo
830 2580 934 2623 inde
949 2581 1073 2623 victo
1091 2580 1299 2623 continua
1313 2581 1454 2636 pergit
1471 2594 1615 2623 rerum
1636 2579 1731 2622 Ro-

242 2662 470 2693 manarum
492 2649 714 2693 enarratio
733 2649 789 2690 ad
812 2649 956 2692 Liviae
979 2662 1125 2704 usque
1146 2649 1332 2700 obitum,
1354 2663 1396 2691 a.
1418 2648 1477 2692 U.
1500 2648 1551 2691 C.
1572 2647 1672 2691 782.

300 2718 357 2760 In
387 2719 523 2774 priori
557 2723 704 2761 autem
738 2719 887 2773 operis
925 2717 1093 2760 Velleii
1131 2723 1260 2773 parte
1299 2718 1505 2759 mutilata
1540 2716 1732 2760 Graecos

242 2787 390 2842 egisse
409 2788 610 2842 potiores
630 2792 795 2841 partes,
816 2791 939 2842 patet
955 2787 1146 2842 primum
1167 2786 1241 2828 vel
1260 2799 1321 2827 ex
1341 2786 1457 2841 ipsis
1482 2785 1612 2842 hujus
1630 2798 1732 2841 par-

244 2854 302 2899 tis
317 2855 532 2913 reliquiis,
550 2867 665 2913 quas
684 2853 948 2899 Graecorum
968 2866 1038 2898 res
1065 2854 1123 2898 ad
1152 2854 1320 2902 Urbem
1338 2866 1482 2912 usque
1502 2852 1730 2899 conditam
