2008 3210
356 211 442 253 318

355 317 391 349 in
418 316 651 359 Germaniam,
681 317 739 359 qui
767 318 991 350 veliementer
1017 327 1070 350 res

355 377 463 400 novas
481 366 660 410 affectant,
675 368 767 401 unde
784 373 820 401 et
840 369 986 401 ducibus
1002 369 1069 401 suis

355 429 433 452 raro
446 418 549 451 fidem
562 424 716 460 servant,
732 420 930 462 habentque
943 418 1069 453 ssavum

356 470 536 512 praecipue
551 470 782 512 capillitium.'

398 530 451 553 ιν.
466 524 541 553 ante
549 520 648 563 hunc]
671 522 799 563 Vulgo,
812 521 861 553 uti
882 524 955 554 ante
978 522 1068 555 huno.

354 581 404 605 tv.
431 576 505 605 ante
519 572 614 614 hunc]
638 573 751 605 Locus
774 583 875 615 quem
901 572 994 606 haud
1018 578 1069 605 te-

354 633 450 656 mere
475 627 661 663 transeam,
680 634 701 656 a
722 624 837 658 verbis
851 629 1068 667 corruptum,

355 674 400 706 ab
431 675 576 706 historia
609 675 813 709 involutum.
858 675 950 710 Quid
983 675 1068 708 illud

355 724 431 757 uti?
456 725 636 767 corrigunt
648 735 714 759 vn.
741 726 1067 768 [Manutiumintel-

354 776 462 819 ligit,]
484 781 522 809 et
545 781 724 819 receptum
747 777 782 810 id
799 778 871 819 jam
894 777 930 809 in
949 777 1067 815 libros,

354 827 453 869 quasi
465 832 612 860 certum.
658 829 732 870 Ego
747 829 866 861 miror.
884 847 886 849 >
917 829 1008 861 Nam
1023 828 1068 860 ad

352 879 502 921 vestigia
533 879 715 922 scripturae
747 880 839 912 haud
874 879 1068 922 improbum

353 929 418 963 hoc
446 929 583 963 fateor:
613 932 696 974 quid
723 935 840 964 tamen
869 931 913 963 ad
939 930 1068 964 Velleii

352 985 520 1023 mentem,
536 985 597 1014 aut
611 981 807 1014 historicam
818 981 943 1015 fidem?
974 982 1067 1014 Ecce

352 1032 507 1065 Velleius
543 1033 605 1072 ait,
636 1033 848 1074 peculiarem
882 1033 1067 1076 quamdam

353 1087 390 1115 ct
406 1087 554 1116 artatam
569 1093 714 1116 numero
729 1083 935 1117 felicitatem
951 1084 1067 1116 Domi-

353 1134 413 1166 tiae
431 1133 572 1167 familiae
594 1144 631 1167 se
655 1139 791 1168 notare.
837 1135 908 1168 Ubi
932 1145 973 1167 ea
988 1135 1064 1167 hic?

354 1185 490 1227 quodne
513 1190 650 1230 septem
673 1187 708 1219 in
728 1196 771 1219 ea
793 1187 971 1220 consules?
988 1196 1067 1219 nam

350 1237 435 1269 illuc
464 1236 633 1270 referunt.
666 1238 872 1271 Ridiculum.
907 1239 981 1280 Ego
1011 1238 1069 1270 tri-

353 1289 451 1330 ginta
475 1294 598 1331 gentes
621 1290 791 1322 Romanas
813 1289 917 1330 dabo,
937 1289 973 1321 in
1000 1298 1068 1332 qua

351 1340 455 1382 longe
471 1340 607 1382 plures:
633 1340 722 1373 dabo
745 1350 848 1375 unam
872 1340 1068 1382 Claudiam,

351 1391 386 1422 in
400 1400 468 1433 qua
482 1391 604 1432 viginti
615 1396 708 1424 octo.
754 1392 915 1434 Denique
927 1401 1066 1434 quomo-

352 1441 396 1473 do
411 1441 498 1474 fides
515 1442 692 1476 constabit
714 1442 759 1475 de
784 1447 921 1486 septem
946 1443 1066 1476 trium-

351 1492 452 1534 phis?
475 1501 554 1525 nam
569 1492 635 1526 hoc
651 1493 803 1536 additur,
829 1503 946 1527 omnes
967 1502 1066 1536 paene

351 1543 395 1575 ad
413 1543 577 1585 triumphi
593 1543 740 1586 insignia
755 1545 964 1586 pervenisse.
1000 1544 1065 1577 At-

350 1594 410 1637 qui
426 1595 524 1628 volve
535 1596 675 1628 revolve
687 1595 853 1638 Annales,
865 1596 952 1628 duos
964 1596 1066 1629 modo

351 1645 543 1688 triumphos
575 1646 610 1678 in
639 1646 799 1679 Domitia
828 1651 933 1689 gente
967 1656 1066 1689 repe-

349 1697 432 1739 ries,
445 1697 537 1740 quod
552 1698 735 1731 Suetonius
748 1702 860 1740 notat,
871 1698 1018 1742 diligens
1030 1702 1067 1730 et

349 1748 440 1782 fidus
453 1749 656 1783 observator
672 1750 791 1783 talium
804 1759 931 1783 rerum.
976 1750 1066 1783 Hoec

349 1799 566 1834 incommoda
591 1800 627 1835 in
650 1800 717 1833 ista
739 1801 957 1834 correctione
974 1805 1065 1834 sunt.

350 1851 425 1883 Nos
452 1860 534 1893 ergo
561 1851 719 1893 legimus,
742 1861 793 1884 xv.
809 1855 884 1884 ante
910 1852 1003 1894 hunc,
1028 1852 1066 1885 id

350 1907 418 1942 est,
435 1906 594 1945 quatuor,
616 1903 684 1935 ista
709 1907 849 1936 mente:
873 1904 909 1936 in
932 1913 1000 1937 una
1016 1902 1067 1936 fa-

349 1953 443 1987 milia
459 1953 565 1986 fuisse
581 1958 730 1996 quatuor
754 1954 895 1996 singulis
915 1955 1066 1997 parenti-

349 2004 415 2037 bus
442 2005 591 2047 genitos‚
615 2005 776 2048 ipsosque
799 2006 953 2048 singulos
968 2005 1066 2049 (nam

347 2055 414 2088 hoc
443 2055 530 2088 illud
560 2065 673 2089 rarum
701 2057 792 2099 quod
821 2054 996 2100 intelligit,
1020 2068 1065 2090 ex

349 2106 460 2140 unicis
486 2106 605 2139 unicos
631 2117 767 2150 semper
792 2107 923 2150 natos,)
944 2113 980 2141 et
1006 2119 1064 2142 eos

349 2167 468 2190 omnes
485 2157 528 2189 ad
551 2159 766 2191 consulatum
793 2159 1009 2201 pervenisse,
1019 2160 1064 2193 ad

351 2209 562 2251 triumphurn
575 2219 676 2252 paene
698 2220 828 2244 omnes.
872 2211 987 2244 Velim
1001 2211 1064 2253 igi-

351 2263 408 2292 tur
438 2259 544 2292 etiam
573 2261 692 2303 scribi,
727 2261 848 2303 singuli
877 2262 1065 2304 parentibus

346 2309 463 2351 geniti,
478 2310 603 2343 clarius
619 2311 663 2343 ad
679 2311 766 2344 hanc
781 2313 989 2345 sententiam
1007 2322 1064 2345 ex-

349 2360 579 2402 primendam,
599 2371 667 2394 non
691 2363 837 2404 singuli&
882 2364 987 2398 Quod
1014 2369 1065 2397 ta-

347 2421 428 2444 men
443 2411 470 2444 si
486 2412 628 2454 retines,
643 2413 766 2446 eodem
780 2414 888 2447 trahe.
932 2415 988 2448 Ab
998 2415 1063 2448 hac

349 2467 469 2496 nostra
484 2465 700 2496 correctione
715 2465 844 2498 Velleii
856 2466 959 2499 verba
972 2471 1064 2509 sunt,

350 2516 360 2535 ‘
370 2520 485 2550 artata
494 2525 638 2550 numero
648 2515 798 2550 felicitas
809 2516 831 2550 :'
842 2523 878 2551 et
887 2518 931 2550 de
941 2520 1062 2560 paucis

350 2566 506 2600 ostendit
533 2577 569 2600 se
606 2568 713 2610 loqui.
757 2569 874 2602 Etiam
909 2571 1063 2603 Suetonii

350 2617 588 2651 Domitianum
633 2625 793 2661 stemma,
834 2620 926 2662 quod
964 2621 1075 2655 initio·

351 2671 500 2703 Neronis
525 2671 623 2714 legis.
667 2672 725 2705 Ibi
741 2677 922 2706 enumerat
935 2674 979 2707 ab
994 2675 1064 2707 Do-

349 2721 449 2754 mitio
466 2720 702 2764 Allobrogico,
727 2727 892 2766 quattuor
913 2725 1065 2766 parenti·

350 2772 413 2805 bus
427 2773 497 2804 suis
518 2773 649 2815 unicos,
672 2773 715 2806 ad
741 2774 931 2807 Domitium
956 2785 1064 2818 usque

351 2827 486 2865 patrem
511 2823 683 2857 Neronis:
722 2825 780 2869 qui
815 2830 869 2859 est
890 2826 958 2860 iste
987 2826 1063 2869 ipse

668 222 811 254 No'rAE
845 222 1115 254 vAmouuM
1151 223 1203 253 lN
1239 212 1526 255 PA'riitRcum

1119 315 1319 351 Velleianus
1343 320 1353 337 ‘
1367 318 1589 351 nobilissimae
1602 318 1832 360 simplicitatis

1112 368 1275 410 juvenis!
1319 370 1408 403 Haec
1424 380 1506 412 ergo
1521 371 1673 413 liquent:
1706 373 1743 402 et
1765 374 1834 401 om-

1118 429 1180 452 nes
1195 420 1251 454 isti
1276 421 1447 454 consules.
1493 421 1563 454 Sed
1589 421 1633 454 de
1660 420 1833 462 triumpho

1118 471 1224 514 qnid?
1251 471 1310 505 ubi
1334 474 1523 516 quattuor?
1548 474 1654 515 Nego
1673 482 1750 506 esse
1774 472 1833 505 de·

1117 522 1201 555 bere
1215 534 1224 564 ;
1241 533 1321 556 nam
1336 523 1426 556 dixit
1444 524 1599 556 Velleius
1623 523 1744 567 (cujus
1756 532 1834 556 ver-

1116 574 1161 606 ba
1171 574 1252 616 jure
1264 574 1418 617 pensito)
1431 576 1441 594 ‘
1456 585 1554 617 paene
1567 574 1708 618 omnes!
1738 575 1832 616 Ergo

1117 626 1342 666 pervenerint
1364 636 1432 658 uno
1450 627 1575 659 minus.
1619 626 1691 659 Sed
1704 626 1767 660 hos
1781 627 1834 669 ip-

1116 685 1171 709 sos
1194 680 1264 709 tres
1292 677 1465 719 quomedo
1489 677 1664 720 expedio?
1707 678 1762 710 Ex
1776 686 1833 711 eo-

1118 726 1196 759 dem
1211 727 1374 760 Velleio:
1397 729 1455 771 qni
1480 729 1570 761 dixit
1593 737 1662 760 non
1687 728 1697 746 ‘
1712 728 1833 762 trium-

1117 778 1228 820 pbos,’
1255 779 1316 811 sed
1344 779 1535 822 ‘triumphi
1551 778 1724 821 insignia)
1768 779 1832 811 Er·

1118 840 1164 872 go
1186 835 1288 864 sunto
1310 831 1379 864 duo
1404 831 1584 875 triumphi,
1607 832 1697 864 alter
1712 831 1832 865 Domi—

1118 882 1159 914 tii
1190 882 1393 924 Allobrigici
1420 887 1533 924 notus,
1563 884 1654 916 alter
1685 883 1833 918 Domitii

1118 933 1254 965 Calvini
1267 934 1310 966 de
1326 934 1490 976 Hispanis
1503 935 1583 967 anni
1595 943 1728 968 ncxxr.
1744 934 1832 967 Ter-

1118 984 1187 1017 tius
1214 989 1330 1016 autem
1355 985 1547 1027 Domitius,
1569 995 1652 1018 avus
1669 984 1833 1025 Neronis,

1117 1036 1264 1068 donatus
1279 1040 1333 1068 est
1344 1036 1411 1069 'sub
1423 1035 1584 1078 Augusto
1597 1036 1608 1054 ‘
1623 1036 1833 1069 ornamentis

1119 1087 1394 1129 triumplialibus,
1417 1097 1461 1119 ex
1483 1086 1693 1120 Germanico
1718 1086 1834 1120 bello.’

1119 1138 1302 1171 Suetonius
1318 1142 1452 1171 auctor.
1494 1139 1517 1172 J
1521 1147 1622 1171 amne
1638 1137 1832 1171 tenebrosae

1115 1189 1245 1222 notulae
1277 1190 1336 1222 lux
1371 1188 1496 1222 facta?
1552 1188 1641 1222 Mihi
1675 1189 1831 1226 ‚videtur-

1118 1240 1258 1282 Lipsius.

1161 1290 1251 1324 CAP.
1259 1293 1312 1323 11.
1329 1291 1437 1324 Natus
1447 1291 1583 1334 equestri
1594 1291 1753 1333 10001Alii
1765 1292 1831 1324 ori-

1116 1341 1230 1383 ginem
1239 1342 1394 1374 viliorem
1406 1342 1517 1374 Mario
1525 1341 1743 1383 tribuunt‚ut
1751 1351 1832 1375 auc·

1117 1396 1172 1426 tor
1180 1393 1228 1425 de
1237 1392 1318 1425 viris
1331 1392 1541 1425 illustribus:
1559 1392 1618 1435 qui
1626 1392 1688 1433 ait,
1695 1391 1832 1425 ‘humili

1115 1444 1193 1476 loco
1208 1442 1352 1476 natum!
1384 1444 1433 1476 Ut
1445 1443 1656 1483 Plutarchus
1671 1443 1730 1486 qui
1746 1444 1831 1477 scri-

1116 1498 1170 1531 bit
1191 1496 1360 1539 Ὑενόμενον
1377 1495 1496 1538 ’γονέων
1517 1494 1719 1528 παντάπασιν
1744 1495 1831 1536 ἀδόξ-

1115 1561 1169 1591 ων,
1193 1549 1373 1592 αὐτουργῶν
1399 1547 1434 1581 δὲ
1460 1548 1513 1581 καὶ
1536 1547 1695 1587 verbnm:
1719 1551 1834 1580 natum

1112 1600 1296 1642 parentibus
1317 1600 1413 1642 plane
1448 1599 1579 1641 ignotis,
1615 1602 1647 1632 et
1678 1598 1831 1640 operariis

1115 1654 1209 1693 atque
1222 1651 1422 1693 pauperibus.
1447 1651 1495 1683 Et
1506 1650 1706 1685 Juvenalis:
1729 1650 1830 1683 ‘Vol-

1116 1695 1253 1734 scorum
1280 1701 1315 1734 in
1347 1705 1463 1734 monte
1503 1701 1640 1734 solebat
1675 1700 1830 1733 Poscere

1115 1752 1294 1785 mercedes
1310 1752 1423 1785 alieno
1437 1752 1545 1784 lassus
1557 1751 1696 1784 aratro!
1729 1739 1831 1784 litem.

1116 1805 1223 1838 Natus
1237 1804 1376 1846 equestri
1391 1803 1471 1846 loco]
1493 1804 1600 1836 Forte
1614 1806 1708 1836 natus
1722 1812 1831 1844 agres-

1115 1855 1142 1888 ti
1157 1855 1232 1886 loco.
1276 1855 1366 1888 Sane
1382 1855 1457 1897 ipse
1473 1854 1681 1888 Pater-culus
1704 1854 1769 1886 sub
1790 1853 1828 1886 ti-

1115 1915 1195 1938 nem
1208 1906 1391 1939 voluminis
1404 1906 1464 1948 ait,
1474 1906 1639 1948 Marium,
1659 1905 1669 1924 ‘
1682 1905 1830 1938 obscuro

1114 1957 1192 1989 loco
1206 1956 1351 1989 natum!
1377 1957 1512 1989 Plinius
1526 1966 1608 1989 vero
1621 1955 1681 1989 lib.
1691 1964 1830 1988 xxxin.

1115 2017 1192 2049 cap.
1219 2010 1272 2040 11.
1295 2007 1306 2026 ‘
1324 2012 1498 2040 aratorem
1531 2006 1750 2050 Arpinatem’
1770 2016 1830 2039 no-

1114 2057 1234 2091 minat.
1279 2058 1367 2090 Cum
1390 2068 1458 2100 quo
1481 2058 1656 2091 consentit
1678 2058 1828 2094 Juvena-

1113 2110 1156 2142 lis
1171 2110 1245 2142 Sat.
1260 2119 1343 2143 vm.
1387 2110 1478 2142 Item
1493 2110 1607 2144 Julius
1621 2109 1756 2150 Celsus,
1769 2109 1829 2152 qui

1114 2171 1193 2194 eum
1223 2161 1232 2179 ⁴
1246 2161 1446 2202 rusticanae,
1460 2171 1501 2194 ac
1515 2170 1560 2193 ne
1574 2161 1740 2193 Romanae
1757 2160 1830 2202 qui-

1113 2211 1191 2243 dem
1213 2209 1375 2253 originis,’
1407 2209 1515 2243 fuisse
1541 2211 1675 2243 asserit.
1720 2211 1828 2244 Deni-

1114 2272 1181 2305 que
1208 2262 1368 2295 Valerius
1400 2262 1587 2303 Maximus,
1608 2261 1828 2303 Plutarchus,

1113 2323 1301 2356 omnesque
1316 2313 1376 2346 alii
1391 2312 1592 2346 vilissimam
1607 2313 1641 2346 ei
1659 2313 1828 2355 originem

1114 2366 1304 2408 assignant.
1333 2366 1468 2399 Vossius.
1515 2366 1622 2398 Natus
1631 2365 1770 2406 equestri
1784 2366 1828 2397 lo-

1113 2415 1163 2457 co]
1185 2415 1255 2449 Alii
1281 2416 1435 2459 plerique
1459 2416 1641 2448 obscuram
1657 2416 1829 2458 originem

1114 2466 1285 2499 tribuunt.
1330 2467 1412 2509 Ipse
1427 2477 1465 2500 se
1479 2467 1490 2485 ‘
1505 2468 1675 2500 hominem
1689 2467 1827 2500 novum’

1115 2523 1217 2550 vocat
1229 2518 1321 2560 apud
1333 2518 1473 2551 Sallust.
1487 2520 1571 2561 Jug.
1580 2521 1635 2551 85.
1646 2518 1682 2550 in
1692 2527 1760 2561 qua
1772 2527 1827 2550 ea-

1115 2569 1194 2601 dem
1213 2569 1370 2602 oratione
1396 2579 1475 2602 cum
1501 2569 1545 2602 de
1569 2569 1699 2602 fiducia
1723 2577 1826 2610 gene-

1115 2620 1173 2663 ris,
1193 2631 1270 2663 quae
1291 2621 1465 2654 nobilibus
1482 2621 1632 2663 adesset,
1646 2620 1827 2662 praemisis-

1115 2676 1181 2713 set,
1192 2671 1311 2704 addit:
1337 2673 1346 2690 ‘
1360 2673 1440 2704 mihi
1467 2682 1547 2714 spes
1562 2681 1680 2705 omnes
1701 2672 1736 2704 in
1756 2682 1827 2705 me-

1113 2726 1187 2756 met
1201 2721 1278 2754 sitae
1293 2732 1302 2753 :
1318 2732 1402 2765 quas
1417 2732 1560 2756 necesse
1575 2726 1630 2755 est
1645 2727 1682 2755 et
1695 2723 1826 2756 virtute

1114 2778 1151 2806 et
1165 2773 1364 2806 innocentia
1379 2772 1507 2806 tutari!
1549 2773 1643 2806 Hinc
1657 2774 1761 2807 etiam
1778 2775 1827 2807 vi-

1114 2823 1230 2866 detur,
1250 2823 1358 2858 ‘illud
1389 2823 1506 2859 odium
1528 2824 1668 2859 invidiae
1692 2825 1826 2860 Nobili-
