2002 3250
440 297 504 328 nn
537 291 744 326 vnnnnu
779 289 1011 332 nummo,
1045 264 1290 331 Morinum,
1324 287 1386 319 nr
1420 286 1555 320 mon.
1678 271 1733 321 31

243 397 433 441 tutibus
456 392 695 437 laudandis
728 395 945 443 versatur,
982 402 1095 447 quas
1124 401 1271 442 nemo,
1305 380 1737 443 nequeaequalium,

251 478 394 521 neque
416 463 688 520 scriptorum
708 460 886 505 serioris
908 459 1012 512 aevi,
1048 459 1128 515 qui
1164 458 1432 514 gravissime
1464 470 1565 500 eum
1600 455 1738 499 casti-

251 536 373 589 gant,
394 532 612 586 denegare
644 531 686 573 ei
721 542 862 573 ausus
894 532 978 582 est,
1009 541 1054 572 v.
1078 543 1120 572 c.
1151 527 1317 584 ingenii
1347 527 1492 579 dotes,
1522 526 1739 569 virtutem

249 601 474 652 bellicam,
495 612 566 642 res
585 598 801 654 praeclare
831 597 1089 653 fortiterque
1117 597 1236 640 bello
1266 600 1432 652 gestas,
1470 595 1739 650 singularem

248 669 453 714 laborum
472 668 735 724 patientiam
755 670 799 709 et
819 665 1065 709 officiorum
1085 679 1252 718 curam,
1273 665 1494 708 duriorem
1520 665 1627 707 vitae
1647 663 1739 706 dis-

249 738 479 795 ciplinam,
514 735 723 778 mollitiei
752 735 1034 790 luxuriaeque
1066 735 1234 790 fugam,
1276 735 1559 791 prudentiam
1593 732 1737 783 ducis,

249 808 566 852 humanitatem
595 819 700 861 erga
728 805 912 857 milites,
945 805 1231 847 severitatem
1263 815 1370 859 erga
1408 804 1593 847 eosdem
1635 801 1739 846 miti

247 876 486 921 clementia
507 878 816 931 temperatam,
845 871 1131 924 modestiam,
1168 873 1344 916 civilem
1365 873 1576 924 animum,
1604 871 1739 914 liber·-

248 947 460 1002 tatisque,
501 948 715 1000 quantum
750 944 836 986 sub
866 943 999 984 unius
1033 941 1255 997 auspiciis
1285 941 1356 984 fas
1390 945 1498 994 erat,
1528 940 1736 983 studium.

249 1015 356 1058 vid.
379 1015 564 1058 Sueton.
586 1012 692 1055 Tib.
714 1011 784 1054 18.
805 1012 879 1054 24.
913 1011 1065 1054 26-30.
1129 1009 1307 1066 Neque,
1345 1023 1447 1066 quae
1485 1009 1542 1052 de
1573 1009 1739 1065 SeJano

249 1084 470 1141 praedicat
498 1081 576 1139 (ιι.
592 1082 695 1124 127.
717 1078 823 1136 sq.),
856 1094 884 1122 a
914 1079 1096 1122 veritate
1118 1079 1366 1122 abhorrent.
1428 1077 1498 1121 cf.
1513 1077 1662 1122 Tacit.
1680 1076 1739 1119 A.

252 1164 321 1196 lv.
343 1153 389 1196 1.
410 1155 453 1194 et
471 1152 516 1194 2.
579 1150 755 1193 Deinde
791 1162 895 1191 vero
925 1161 1028 1190 cum
1049 1150 1233 1203 uterque
1255 1147 1424 1189 multas
1454 1147 1643 1190 virtutes
1678 1145 1739 1188 si-

248 1222 466 1267 mulanter
493 1220 693 1274 fingeret,
712 1231 900 1274 quarum
933 1217 1109 1259 vanitas
1143 1221 1304 1271 postea
1341 1215 1619 1271 deprehensa
1652 1218 1737 1266 est,

238 1290 454 1334 -Velleius
474 1289 546 1331 vel
567 1288 830 1343 pravitatem
846 1286 983 1328 animi
1001 1298 1152 1327 eorum
1170 1285 1439 1336 obvelatam,
1452 1285 1619 1339 pietate
1631 1295 1739 1338 erga

249 1359 507 1415 Principem
543 1356 833 1413 praepeditus,
875 1354 995 1405 haud
1034 1356 1340 1409 perscrutatus
1374 1353 1620 1408 perspexit,
1666 1351 1739 1396 vel

249 1432 527 1484 perspectam
546 1426 670 1468 haud
701 1426 890 1481 aperire,
920 1425 1086 1479 potiuS‚
1109 1427 1155 1466 et
1174 1422 1300 1477 vulgi
1321 1423 1474 1477 specie
1497 1421 1736 1473 occoecati,

244 1502 296 1539 >et
315 1497 432 1539 aul‘ae
453 1495 719 1551 Imperatori
737 1494 943 1544 faventis,
969 1491 1144 1548 judicia
1175 1491 1304 1546 sequi
1329 1491 1504 1543 maluit,
1535 1503 1637 1533 cum
1655 1489 1736 1533 Ti-

248 1566 412 1617 berium,
434 1578 565 1621 quem
586 1564 684 1607 sive
706 1563 901 1614 colebat,
937 1562 1033 1605 sive
1055 1561 1292 1612 metuebat,
1319 1560 1429 1602 nihil
1465 1559 1629 1614 aegrius
1648 1559 1736 1602 ser-

249 1637 330 1686 ret,
351 1647 486 1689 quam
506 1632 676 1676 recludi
698 1645 800 1687 quae
822 1634 1041 1688 premeret
1068 1642 1233 1672 arcana
1260 1629 1472 1685 pectorIS.
1504 1627 1564 1671 V.
1585 1627 1734 1671 Tacit.

248 1701 309 1746 A.
333 1714 402 1746 ιν.
422 1703 494 1746 71.
553 1701 776 1744 Abhorret
795 1701 930 1756 igitur
950 1699 1153 1742 Velleius
1186 1712 1215 1741 a
1244 1698 1573 1741 recentioribus
1594 1697 1736 1753 scrip·

249 1772 419 1816 toribus
438 1771 633 1814 maxime
653 1783 724 1822 eo,
746 1769 871 1826 quod
890 1770 962 1812 ille
983 1769 1031 1810 in
1052 1772 1242 1812 externa
1261 1769 1408 1823 magis
1420 1781 1567 1810 rerum
1584 1767 1736 1823 specie
1784 1823 1793 1828 ,

247 1841 435 1884 honesta
455 1841 730 1896 acquieverit
745 1854 756 1894 3
777 1839 824 1882 hi
837 1853 958 1891 vero,
974 1839 1177 1882 ultimam
1191 1839 1389 1881 maxime
1407 1837 1580 1880 Tiberii
1597 1837 1737 1880 vitam

248 1922 498 1966 moresque,
531 1914 694 1965 postea
726 1908 983 1965 patefactos
1004 1908 1292 1966 posterisque
1323 1906 1528 1958 traditos,
1565 1906 1737 1949 intuen-

249 1981 331 2031 tes,
351 1979 476 2021 nullo
496 1978 698 2034 periculo
720 1981 828 2029 tum,
853 1991 955 2020 cum
972 1977 1245 2028 scribebant,
1269 1975 1358 2018 sibi
1377 1975 1649 2026 imminente,
1670 1974 1735 2016 in·

247 2051 394 2090 ternos
413 2047 542 2089 istius
562 2059 738 2098 sensus,
775 2047 1002 2101 animique
1021 2045 1273 2088 foeditatem
1293 2046 1340 2087 in
1359 2046 1507 2088 lucem
1526 2048 1737 2100 protrax-

249 2116 375 2158 erint.
434 2115 553 2158 Tum
571 2127 627 2157 ne
647 2115 865 2157 incideret
884 2115 932 2156 in
952 2119 1054 2157 acta
1075 2114 1247 2156 Tiberii
1266 2114 1578 2169 vituperanda,
1597 2116 1734 2168 utque

250 2183 555 2236 offensionem,
588 2184 633 2226 in
653 2196 790 2240 quam
812 2182 1125 2226 descendendo
1159 2183 1218 2225 ad
1251 2183 1426 2237 singula
1458 2181 1638 2224 facilius
1665 2181 1734 2223 in-

249 2266 422 2296 currere
442 2257 630 2309 poterat,
650 2253 851 2304 evitaret,
870 2265 1090 2294 summam
1111 2255 1283 2294 tantum
1311 2252 1488 2307 imperii
1509 2251 1607 2307 ejus
1634 2263 1734 2306 per·

249 2325 429 2365 secutus
458 2326 541 2374 est,
575 2321 919 2364 excusationem
941 2320 1079 2376 hujus
1101 2320 1281 2363 consilii
1301 2320 1347 2362 in
1368 2320 1472 2362 viva
1491 2318 1736 2374 aequalium

250 2391 460 2433 memoria
478 2391 672 2444 habens;
703 2389 794 2433 vid,
818 2402 870 2433 11.
894 2390 995 2433 126.
1058 2390 1134 2433 Ita
1165 2403 1274 2432 sane
1305 2388 1376 2431 fas
1399 2391 1495 2431 erat
1525 2388 1734 2444 scriptori

248 2459 388 2502 multa
403 2460 626 2510 omittere,
647 2459 801 2511 multa,
819 2473 921 2515 quae
942 2460 1164 2514 praeterire
1185 2458 1486 2514 periculosum
1503 2461 1612 2508 erat,
1632 2457 1735 2500 bre·-

248 2528 361 2571 viter
380 2529 608 2583 attingere,
631 2532 766 2584 atque
801 2528 1044 2572 honestatis
1078 2529 1231 2584 specie
1270 2528 1329 2570 ab
1361 2527 1467 2570 aula
1497 2526 1600 2581 ipsa
1618 2538 1733 2581 prae-

250 2599 371 2639 tenta
390 2598 613 2652 obtegere.
1527 2609 1532 2614 ·

308 2665 515 2721 Denique
534 2680 624 2709 non
645 2668 994 2723 praetereundum
1025 2671 1108 2719 cst,
1139 2666 1351 2710 oratoriae
1382 2662 1732 2720 >amplificationi

249 2738 298 2779 ot
323 2737 618 2788 exornationi,
654 2737 726 2780 cui
761 2736 969 2780 Velleius
1002 2737 1165 2788 studet,
1195 2735 1368 2791 aliquid
1400 2733 1733 2776 concedendum

251 2814 362 2857 esse,
394 2804 473 2848 ubi
492 2803 740 2850 adulatoris
763 2818 1000 2863 personam
1020 2805 1228 2849 induisse
1250 2804 1438 2848 videtur.
1499 2802 1591 2848 Illa
1610 2802 1731 2845 enim
