2008 3210
637 233 902 267 mvsshmffl
937 233 1243 267 unacum.
1594 223 1682 267 491
1723 277 1726 281 .

208 328 378 368 —Cum
398 327 502 367 notis
523 329 615 366 Ant.
636 326 788 380 Thysii,
809 334 849 367 et
868 327 1028 368 selectis
1047 328 1258 375 variorum,
1279 327 1345 367 sed
1365 329 1507 369 misere
1524 328 1686 368 detrun-

264 392 364 432 catis
381 397 423 432 et
441 391 614 438 (cedatis,
634 391 816 443 Lugduni
837 393 926 432 Bat.
947 406 997 431 ex
1015 392 1123 432 offic.
1144 393 1284 432 Franc.
1308 393 1436 432 Bake.
1457 399 1495 433 8.

213 456 318 499 1654
343 456 528 509 Lugduni
549 457 637 496 Bar.
656 457 760 508 apud
782 457 948 496 Elzevir.
983 464 1044 498 12.
1073 471 1163 497 cum
1184 458 1289 498 notis
1309 459 1408 499 Ger.
1430 458 1575 498 Vossii.

216 519 318 563 1658
346 521 516 561 Parisiis.
540 527 578 562 8.
597 529 761 560 curante
781 522 834 561 N.
852 522 1109 562 Taverniero.

214 585 319 627 1663.
346 586 523 627 Boecleri
539 597 593 626 11.
612 586 868 626 emendatior.
899 588 1167 638 Argentorati.
1190 593 1228 628 8.
1250 587 1314 627 ef.
1337 601 1399 627 an.
1423 588 1541 630 1642.

209 673 264 682 —
278 651 508 704 christoph.
527 651 674 690 Adami
691 651 857 703 Ruperti
877 651 1188 693 Observationes
1206 653 1256 692 ad
1273 653 1321 692 C.
1338 653 1475 693 Velleii
1492 654 1690 694 Paterculi

264 716 440 757 historioe
470 717 586 756 Rom.
607 717 745 756 Libros
774 727 825 755 1¹.
844 717 1017 769 adjectoe
1049 718 1228 769 ejusdem
1261 717 1611 758 Dissertationibus
1638 719 1689 759 ad

264 782 465 822 Valerium
505 783 618 821 Max.
657 782 943 834 Norimbergae.
971 783 1259 835 8.--Ruperti
1291 796 1414 836 opern
1444 785 1691 837 potissimum

266 854 442 887 versatur
458 846 500 886 in
519 847 671 887 Velleio
697 847 748 887 ad
776 860 869 888 usus
894 848 1047 888 ethicos
1064 855 1107 889 et
1124 848 1307 901 politicos
1331 848 1579 897 advocando,
1594 862 1693 903 prae-

267 917 389 963 cepta
408 911 527 963 hujus
546 911 699 964 generis
712 912 899 965 exemplis
915 913 1191 954 historicorum
1206 919 1248 953 et
1259 914 1465 955 sententiis
1483 920 1692 954 auctorum

267 976 457 1017 similibus
485 976 748 1018 conferendis.

218 1040 325 1083 1664
352 1041 652 1090 Amstelodami,
671 1042 781 1095 apud
801 1043 971 1084 Elzevir.
996 1050 1060 1086 12.
1088 1057 1181 1084 cum
1197 1044 1301 1084 notis
1321 1045 1419 1083 Ger.
1439 1044 1583 1084 Vossii.

220 1106 324 1148 1668
351 1107 499 1148 Tacito
519 1108 641 1160 Lipsii
678 1108 855 1148 additus.
885 1110 1129 1164 Antverpiae,
1156 1109 1263 1162 apud
1285 1109 1454 1149 Plautin.
1475 1109 1695 1150 rot-Re·

269 1171 410 1224 petitio
431 1173 570 1212 ultima
588 1172 656 1212 ed.
680 1172 797 1218 1607.

215 1237 387 1276 -Cum
419 1237 525 1278 notis
557 1237 717 1277 selectis
749 1236 943 1277 variorum
970 1244 1012 1277 et
1032 1239 1128 1278 Ant.
1154 1238 1310 1291 Thysii.
1339 1238 1523 1291 Lugduni
1540 1241 1628 1279 Bat.
1647 1253 1695 1279 ex

268 1301 376 1342 offic.
398 1302 620 1342 Hackiana.
643 1302 943 1355 8.-Repetitio
962 1303 1030 1344 ed.
1054 1302 1172 1344 1653.

221 1364 324 1413 1675
353 1367 401 1406 C.
424 1366 561 1406 Velleii
582 1367 778 1406 Paterculi
790 1367 969 1407 historiae
985 1368 1101 1407 Rom.
1122 1367 1229 1407 Libri
1244 1368 1339 1407 duo.
1369 1369 1697 1421 Interpretatione

269 1436 314 1471 et
331 1431 438 1471 notis
457 1431 662 1472 illustravit
681 1432 787 1472 Rob.
807 1432 958 1484 Riguez
990 1445 1012 1470 e
1030 1432 1124 1472 Soc.
1145 1434 1256 1479 Jesu,
1291 1433 1330 1472 in
1353 1446 1467 1472 usum
1489 1434 1695 1487 Delphini.

273 1495 446 1544 Parisiis,
466 1496 575 1549 npud
597 1496 752 1542 Freder.
772 1496 969 1537 Iaeonard.
996 1503 1036 1537 4.

223 1559 327 1607 1678
355 1562 404 1602 C.
425 1562 563 1602 Velleii
590 1562 784 1602 Paterculi
803 1575 893 1615 quoe
923 1568 1147 1615 supersunt.
1186 1562 1278 1603 Nic.
1298 1563 1484 1604 Heinsius
1503 1565 1703 1603 recensuit

271 1632 314 1666 et
330 1627 631 1679 castigationum
651 1627 826 1667 libellum
844 1626 1015 1667 addidit.
1063 1628 1364 1677 Amstelodami,
1392 1630 1500 1681 apud
1536 1629 1702 1671 Elzevir.

278 1692 498 1734 12.—1sin
523 1692 739 1733 tractandis
771 1692 899 1746 poetis
919 1693 1069 1734 Latinis
1089 1699 1134 1734 ut
1166 1693 1415 1734 felicissimus
1442 1701 1541 1743 erat,
1572 1696 1627 1735 ita
1659 1695 1697 1735 in

272 1757 422 1798 Velleio
451 1758 698 1798 emendando
717 1759 884 1811 poeticae
904 1759 1062 1807 rationi,
1089 1772 1178 1811 quoe
1210 1758 1509 1799 familiarissima
1536 1759 1572 1799 ei
1602 1765 1702 1807 erat,

275 1836 394 1877 quam
414 1824 622 1878 plurimum
643 1823 818 1864 indulsit.
860 1825 1006 1876 Neque
1027 1832 1158 1864 tamen
1178 1823 1263 1864 fieri
1287 1825 1399 1865 aliter
1414 1831 1587 1877 poterat,
1606 1825 1702 1877 quin

220 1928 222 1930 .
275 1889 532 1930 Heinsianum
566 1890 764 1943 ingenium
794 1890 928 1943 sagax,
961 1890 1102 1931 critica
1131 1896 1216 1930 arte
1230 1890 1335 1931 bene
1354 1889 1630 1938 exercitatum,
1665 1898 1705 1930 et

277 1953 426 2003 Ovidii,
441 1954 624 1995 acumina
642 1953 759 1994 avide
774 1955 989 2007 captnmtis,
1008 1955 1178 1996 lectione
1190 1955 1283 1994 satis
1303 1955 1509 2002 nutritum,
1523 1956 1562 1995 in
1581 1956 1708 2007 scrip-

278 2024 363 2059 tore
382 2019 591 2073 ingenioso
610 2026 650 2059 et
670 2026 790 2060 acuto
809 2020 937 2061 multa
954 2025 1076 2067 recte,
1103 2020 1315 2072 eleganter,
1333 2026 1375 2060 et
1394 2020 1495 2060 scite
1520 2020 1702 2060 emenda-

275 2091 352 2125 ret.
409 2085 455 2125 In
475 2091 587 2125 textu
608 2085 746 2125 velleii
764 2084 1047 2126 constituendo
1064 2097 1089 2124 a
1108 2084 1317 2132 Boeclem,
1338 2085 1481 2136 partim
1501 2085 1705 2138 antiquam

276 2149 489 2191 lectionem
509 2149 736 2201 diligentius
756 2149 996 2198 revocando,
1017 2149 1160 2202 partim
1181 2149 1298 2202 plura
1318 2149 1491 2201 priorum
1510 2149 1706 2191 editorum

277 2215 379 2256 bene
396 2215 569 2264 inventa,
590 2216 693 2256 adeo
710 2222 752 2255 et
769 2229 855 2264 sua,
875 2214 1118 2267 recipiendo,
1139 2213 1305 2256 recedit.
1362 2214 1409 2254 ln
1429 2214 1709 2267 castigationi-

278 2281 356 2321 bus
373 2287 505 2322 sutem
540 2281 720 2323 criticum
742 2281 869 2321 solum
902 2281 1010 2333 egitz
1039 2279 1109 2320 sed
1129 2280 1247 2320 crisis
1279 2279 1366 2333 ipsa
1385 2278 1565 2320 adbibita
1584 2281 1623 2320 in
1640 2295 1710 2321 ex·

277 2345 480 2399 plorandis
498 2352 540 2387 et
558 2346 756 2387 firmandis
777 2346 856 2386 suis
876 2346 1123 2397 aliorumque
1133 2344 1392 2397 conjecturis,
1413 2345 1537 2386 multa
1551 2360 1710 2399 quoque

278 2411 428 2460 attulit,
456 2424 548 2465 «με
568 2411 816 2464 explicandae
844 2411 1009 2452 dictioni
1029 2410 1197 2451 maxime
1216 2410 1446 2451 inserviunt.
1504 2412 1548 2451 1n
1568 2412 1707 2452 iisdem

280 2489 442 2530 quoque
478 2477 644 2517 aliorum
681 2477 923 2518 eruditorum
961 2477 1209 2530 popularium
1248 2476 1496 2527 conjecturas
1529 2476 1709 2525 ineditas,

281 2548 328 2582 ut
344 2541 518 2588 Ortuiui‚
542 2541 742 2590 Munkeri,
764 2540 968 2590 Perimnii,
983 2542 1146 2595 Cuperi,
1166 2541 1317 2594 publici
1332 2542 1433 2593 juris
1455 2541 1561 2583 fecit.
1618 2542 1711 2583 Post

281 2605 431 2647 editum
452 2606 644 2646 Velleium
674 2606 726 2646 sd
747 2607 959 2659 marginem
993 2606 1162 2658 exempli
1198 2606 1257 2646 sui
1289 2606 1414 2647 multa
1433 2606 1520 2647 loca
1549 2613 1632 2647 tum
1653 2615 1712 2648 re·

280 2671 479 2719 tractavit,
510 2678 592 2713 tum
614 2673 725 2712 novis
739 2671 1143 2715 animadversionibus
1162 2671 1295 2718 suxit:
1326 2684 1427 2724 quas
1445 2684 1561 2713 cums
1579 2679 1714 2727 poste·

281 2736 402 2778 riores
419 2736 564 2778 deinde
584 2738 832 2779 Bnrmsnnus
849 2750 941 2778 oum
962 2736 1111 2778 Velleio
1128 2750 1200 2777 suo
1213 2735 1352 2778 edidit.

235 2800 339 2845 16⁸2
369 2802 548 2844 Boecleri
569 2812 642 2845 m.
673 2803 934 2857 Argentorati.
966 2802 1265 2857 8.—Repetitio
1283 2802 1349 2844 ed.
1375 2801 1491 2845 1663.
