2002 3250
304 238 394 283 140

305 350 492 393 alterum
526 346 662 390 iniere
696 346 980 389 consulatum
1010 345 1090 401 [U.
1112 360 1150 388 c.
1171 347 1273 390 699.
1301 360 1341 389 a.
1371 346 1475 390 Chr.
1502 359 1546 392 n.
1567 347 1684 405 54.];
1716 350 1803 408 qni

302 429 453 472 neque
473 416 637 473 petitus
657 414 842 457 honeste
864 416 922 456 ab
940 414 1027 464 his,
1041 422 1186 469 neque
1208 415 1522 470 probabiliter*
1542 416 1696 472 gestus
1719 420 1802 463 es't.

305 485 481 530 Gaesari
502 486 618 539 lege,
641 497 778 539 quam
811 483 1054 539 Pompeius
1086 483 1145 526 ad
1174 484 1388 539 populum
1409 485 1528 537 tulit,
1550 486 1805 543 prerogatae

304 555 353 598 in
371 554 491 598 idem
514 554 725 609 spatium³
746 553 963 607 temporis
995 553 1270 608 provinciae:
1302 552 1486 606 Crasso,
1506 555 1674 598 bellum
1693 556 1806 601 Par-

302 624 472 667 thicum
498 624 540 665 in
569 624 719 665 animo
747 622 961 674 molienti,
997 622 1132 679 Syria
1162 623 1357 666 decreta.
1417 623 1509 676 Qui
1540 625 1625 678 vir,
1657 629 1805 672 cetera

745 249 789 283 C.
821 247 1030 281 VELLEII
1063 247 1358 282 PATRRGUM

302 691 648 743 sanctissimus:
681 691 982 748 immunisque
1000 693 1328 748 voluptatibus,
1349 706 1499 749 neque
1526 695 1573 736 in
1594 696 1802 750 pecunia,
1873 707 1877 711 ’

300 775 445 818 neque
465 762 510 803 in
526 762 669 816 gloria
688 762 1053 818 concupiscenda
1071 766 1149 805 aut
1167 762 1352 805 modum
1380 767 1525 815 norat,
1548 763 1805 821 autcapie-

299 831 379 874 bat
398 831 649 873 terminum.
710 831 849 875 Hunc
878 831 1234 887 proficiscentem
1270 833 1316 874 in
1351 833 1527 888 Syriam
1560 833 1674 876 diris
1697 838 1801 876 cum

300 900 552 952 ominibus‚¹
568 905 586 923 ¹¹
605 900 772 943 tribuni
803 901 950 956 plebis
981 901 1147 944 frustra
1166 903 1354 944 retinere
1370 903 1536 945 conati.
1597 901 1804 955 Quorum

300 969 610 1011 execrationes
631 970 670 1012 si
690 969 737 1011 in
756 969 910 1024 ipsum
939 970 1250 1013 tantummodo
1283 972 1550 1023 valuissent,
1581 971 1691 1014 utile
1719 971 1804 1013 im·

299 1037 522 1093 peratoris
573 1038 802 1090 damnum,
847 1039 976 1083 salvo
1025 1041 1247 1093 exercitu,
1297 1040 1457 1084 fuisset
1506 1039 1805 1096 reipublice&⁸

301 1107 655 1162 Transgressum
702 1108 962 1164 Euphraten
1003 1108 1232 1161 Crassum,
1286 1114 1604 1166 petentemque
1645 1108 1803 1152 Seleu-

304 1175 459 1229 ciam,’‘
479 1177 815 1221 circumfusisw
843 1179 1114 1223 immanibus
1142 1179 1291 1236 copiis
1324 1179 1543 1235 equitum,
1563 1190 1650 1221 rex
1683 1176 1804 1221 Oro-

342 1300 354 1320 ⁸
377 1297 461 1331 Cum
477 1299 712 1342 approbatione.

344 1347 363 1363 ¹·
388 1342 532 1379 Quorum
552 1343 792 1385 imprecationes
816 1343 846 1376 si
869 1344 970 1376 solum
993 1344 1181 1379 recidissent
1206 1344 1242 1378 in
1268 1345 1432 1388 Crassum,
1448 1344 1582 1387 jactura
1594 1343 1697 1387 hujus
1712 1341 1803 1377 duci·

300 1386 392 1419 utilis
399 1385 521 1426 fuisset
535 1386 730 1430 reipublice,
746 1388 891 1421 exem-itu
905 1388 1065 1422 incolumi.

302 1543 398 1583 pont.
433 1539 572 1574 Acidal.
601 1540 812 1574 invisum—l
837 1541 899 1574 Ita>
926 1541 992 1574 Ed.
1022 1541 1134 1576 Basil.
1183 1540 1251 1575 Ed.
1280 1552 1334 1585 pr.
1364 1540 1517 1575 omnibus.
1550 1541 1800 1584 Interponetio

298 1584 450 1618 debetur
478 1584 572 1618 Aldu
599 1585 761 1628 Nep.-—2
784 1585 850 1618 Ed.
875 1595 928 1629 pr.
953 1585 1183 1626 circumfusos.-
1206 1587 1350 1620 Vascos.
1376 1585 1610 1626 circumfusus.-
1635 1585 1800 1620 emende-

942 1717 953 1725 ἱ
973 1672 1116 1706 NOTAE
1171 1720 1173 1722 Ι

342 1752 357 1771 ¹
379 1748 539 1782 Invictum
559 1758 620 1791 par
646 1747 820 1789 consulum]
869 1747 956 1780 Cum
987 1747 1022 1780 in

304 1800 417 1834 veteri
435 1800 567 1833 Codice
591 1799 659 1833 sit:
688 1799 798 1833 Victus
820 1808 882 1842 pur
899 1799 1023 1832 Consu·

298 1854 379 1895 lum,
392 1850 525 1895 triplex
538 1856 593 1885 est
608 1852 725 1886 lectio.
763 1855 795 1885 1.
810 1852 948 1885 Vossii:
972 1852 1023 1885 in-

300 1905 420 1938 victum
443 1915 505 1946 par
537 1905 705 1937 Consulum
715 1914 729 1943 ‚·
765 1902 858 1947 quod
885 1903 1024 1947 Crasso,

301 1956 361 2000 qui
407 1957 522 1990 victus
559 1961 626 1997 est,
665 1956 806 1990 minime
844 1957 1021 1990 convenit.

300 2010 334 2042 2.
349 2007 528 2041 Acidalii:
566 2008 705 2040 invisum
732 2018 792 2050 par
824 2008 995 2041 Consulum
1009 2019 1023 2047 ,-

299 2063 341 2093 ut
356 2068 510 2104 quorum>
528 2060 703 2093 occultam
729 2059 1023 2101 conspirationem

295 2111 370 2156 jam
396 2111 545 2154 populus
575 2110 758 2144 olfecerat.
814 2112 848 2144 8.
875 2110 1022 2145 Ursini:

307 2161 407 2196 Vetus
428 2172 491 2204 pur
519 2163 710 2202 Comlum;
734 2162 769 2195 id
786 2167 855 2204 est,
879 2163 938 2206 qui
948 2163 1022 2205 jam

301 2224 372 2247 una
387 2214 544 2247 consules
559 2213 710 2247 fuerant.
754 2213 811 2246 Ad
824 2224 884 2247 eas
900 2215 1023 2248 lectio-

300 2276 364 2300 nes
381 2266 488 2299 liceat
504 2266 634 2299 addere
648 2276 771 2310 meam,
785 2267 938 2299 omnium
953 2266 1023 2300 for-

303 2322 341 2351 te
367 2317 592 2350 verissimam.
638 2318 754 2360 Lego:
799 2318 926 2352 Victum
958 2329 1022 2361 par

305 2369 485 2403 Consulum.
508 2369 601 2402 Victi
614 2369 705 2401 enim
715 2370 861 2402 Crassus
872 2374 910 2402 et
917 2370 1022 2403 Pom-

301 2421 426 2465 peius:
462 2422 607 2455 Crassus
638 2421 780 2464 quidem
805 2422 848 2456 ab
877 2422 1021 2464 Orode;

301 2472 493 2516 Pompeius
510 2482 592 2506 vero
607 2483 627 2505 a
641 2473 794 2506 Caesare.

346 2529 360 2546 ⁸
380 2523 424 2558 In
437 2523 521 2570 idem
535 2524 690 2566 spatium]
714 2524 757 2557 In
768 2525 859 2568 quod
873 2525 1023 2567 primum

302 2575 456 2609 decretae
471 2574 766 2618 fuerant‚scilicet
781 2575 816 2608 in
831 2577 1023 2620 quinqueu-

303 2627 424 2668 nium;
447 2627 580 2660 Gallias
597 2630 716 2660 autem
732 2626 911 2670 inteiligit.

347 2679 358 2700 ¹
381 2680 498 2712 Cetera
512 2678 746 2721 sanctissimus]
768 2680 797 2712 E
810 2679 949 2713 Graecia
963 2679 1023 2712 ad-

303 2733 444 2762 vectum
465 2731 631 2764 sermonis
656 2740 778 2773 genus,
793 2730 963 2764 usitatum
978 2731 1023 2764 ab

303 2779 438 2822 optimo
465 2790 614 2824 quoque.
671 2781 842 2822 Tacitus;
874 2781 884 2800 ‘
900 2786 1021 2815 cetera

303 2830 460 2872 equestri
470 2828 602 2864 familia
611 2830 634 2866 :'
650 2835 688 2865 et
706 2832 862 2875 ‘juvenis
873 2833 942 2867 alia
951 2833 1022 2867 cla·

303 2880 388 2915 rus!

1121 1753 1138 1770 ¹²
1161 1748 1260 1782 Diris
1269 1758 1341 1782 cum
1355 1747 1527 1790 ominibus]
1548 1747 1639 1782 Haec
1661 1758 1802 1792 quomo-

1077 1799 1123 1832 do
1137 1798 1265 1832 fierent
1281 1803 1406 1842 repete
1423 1808 1443 1832 e
1459 1798 1615 1833 Brisson.
1629 1800 1663 1833 1.
1676 1799 1796 1834 Form.
1813 1796 1818 1799 ⁴

1078 1851 1210 1885 soleun.
1242 1850 1391 1884 Interim
1416 1859 1529 1893 pauca
1544 1850 1647 1885 trado
1663 1861 1708 1885 ex
1723 1851 1800 1896 Ap-

1077 1903 1172 1947 piani
1188 1903 1383 1943 Parthico;
1408 1901 1467 1935 nbi
1482 1900 1528 1936 de
1547 1902 1667 1936 Crassi
1688 1903 1799 1938 histo-

1080 1955 1156 1988 ria:
1189 1954 1335 1997 ‘Solus,'
1359 1954 1486 1998 inquit,
1508 1953 1659 1989 ‘Ateius
1673 1965 1799 1990 occur-

1076 2017 1156 2039 rens
1174 2007 1322 2048 primum
1339 2015 1426 2039 voce
1441 2005 1640 2049 cohibebat,
1663 2005 1798 2040 denun-

1079 2058 1172 2090 tians
1189 2067 1233 2090 ne
1258 2057 1487 2100 procederet:
1513 2056 1643 2091 deinde
1659 2057 1800 2102 appari·

1079 2112 1191 2141 torem
1211 2108 1332 2152 jussit,
1363 2118 1443 2142 eum
1466 2107 1609 2152 injectis
1637 2108 1797 2144 manibus

1077 2159 1266 2194 detineret.
1290 2158 1423 2194 Verum
1437 2160 1473 2192 id
1491 2160 1632 2203 collegis
1647 2160 1798 2195 Tribuni

1077 2221 1147 2245 non
1171 2211 1470 2254 permittentibus,
1490 2212 1679 2255 apparitor
1696 2213 1800 2247 Cras·

1076 2273 1152 2297 sum
1168 2264 1309 2296 missum
1333 2263 1430 2297 fecit.
1474 2262 1600 2297 Ateius
1617 2268 1734 2298 autem
1750 2264 1797 2298 ad

1077 2319 1215 2357 portam
1225 2324 1425 2352 accurrens,
1433 2314 1547 2356 posuit
1558 2314 1606 2348 ibi
1615 2314 1797 2350 ardentem

1075 2365 1249 2407 foculum3
1274 2371 1313 2399 et
1328 2366 1455 2398 crasso
1470 2369 1709 2413 praetereunte
1725 2365 1796 2399 suf-

1074 2418 1174 2452 fitum
1188 2417 1334 2458 faciens,
1349 2421 1385 2450 et
1400 2415 1543 2458 iusuper
1559 2416 1687 2460 libans,
1708 2415 1804 2458 diris

1076 2480 1156 2504 eum
1172 2469 1370 2503 devovebat
1387 2466 1683 2511 execrationibus,
1701 2477 1796 2503 nova

1076 2525 1114 2554 et
1127 2520 1302 2555 horrenda
1322 2520 1477 2552 Deorum
1499 2518 1663 2552 invocans
1683 2519 1796 2554 nomi·

1075 2571 1142 2605 na!
1187 2571 1291 2604 Addo
1314 2580 1358 2603 ex
1383 2569 1506 2604 Servio
1532 2569 1576 2603 ad
1589 2579 1633 2603 11.
1654 2570 1795 2617 AEueid.

1076 2624 1087 2642 ⁴
1100 2623 1276 2664 Crassum,
1292 2622 1421 2655 iturum
1431 2621 1475 2654 ad
1487 2620 1681 2664 Parthiam,
1696 2621 1800 2669 signa*

1077 2677 1234 2708 Romana
1254 2675 1372 2718 (triste
1409 2671 1610 2718 augurium)
1640 2674 1793 2720 evellere
1837 2683 1840 2687 ’

1077 2728 1136 2761 vix
1151 2727 1333 2770 potuisse?
1702 2767 1705 2770 ¹

1118 2784 1137 2801 ¹
1158 2778 1350 2821 Seleuciam]
1372 2779 1497 2812 Plures
1512 2781 1593 2811 sunt
1606 2776 1791 2810 Seleuciae.

1075 2831 1146 2864 Hic
1160 2831 1388 2876 intelligitur,
1403 2839 1484 2874 qnae.
1508 2828 1553 2863 ad
1574 2826 1792 2873 Euphratem

1073 2882 1143 2918 sita
1157 2886 1225 2918 est.
