2002 3250
374 270 461 313 222
812 282 852 312 c.
888 279 1088 310 vmmnn
1123 278 1409 312 PATssRcom

375 377 707 433 lum'poposcit
740 376 983 418 Tiberium.
1048 375 1224 419 Habuit
1259 377 1305 419 in
1336 377 1423 419 hoc
1454 389 1629 431 quoque
1663 376 1842 432 [helloy-

375 447 656 489 mediocritas
695 448 871 487 nostram
921 444 1121 499 speciosi
1168 445 1373 487 ministri⁵
1387 451 1405 468 ¹¹
1437 445 1619 487 locum!
1696 444 1844 487 Finita

377 515 573 569 equestri
606 514 801 564 militia‚⁰
839 513 1097 567 designatus
1132 517 1366 567 quaestor-,¹³
1404 525 1488 555 nec
1528 513 1632 555 dum
1666 511 1854 555 senator

377 586 582 637 aequatus
615 581 913 630 senatoribuS,
942 579 1097 622 etiam⁶
1129 580 1380 636 designatis
1412 581 1600 623 tribunis
1634 579 1846 635 plebem

375 653 547 704 partem
567 647 784 690 exercitus
806 647 864 689 ab
885 645 1025 698 Urbe,
1046 647 1198 690 traditi
1226 649 1283 690 ab
1312 646 1534 702 Augusto,
1558 647 1766 703 perduxi⁸
1780 647 1845 690 ad

376 717 517 759 filium
547 715 661 770 ejus.
721 714 776 757 In
796 718 1024 769 quaestura
1044 714 1202 758 deinde
1233 715 1313 770 [U.
1336 729 1373 759 c.
1394 715 1494 758 760.
1515 730 1559 771 p.
1582 715 1684 759 chr.
1703 729 1746 757 n.
1765 714 1844 768 7.]‚

375 784 562 826 remissa
581 785 700 824 sorte
726 781 1001 837 provinciae,¹
1028 781 1206 837 legatus
1225 783 1430 838 ejusdem
1442 783 1510 826 >ad
1530 783 1726 827 eundem·
1741 783 1847 825 mis-

376 864 469 902 sus,
492 862 606 905 quas
620 862 702 891 nos
720 850 864 904 primo
884 861 1002 892 anno
1022 850 1145 892 acies
1164 850 1364 893 hostium
1380 851 1580 894 fudimus
1593 851 1632 893 ‘1⁹
1663 850 1845 906 quantis

374 918 612 974 prudentia
649 917 775 959 ducis
826 917 1231 972 opportunitatibus
1271 915 1421 973 (usi)¹0
1442 918 1654 962 ,furentes
1692 921 1846 961 eorum

417 1039 433 1060 Ε
457 1038 533 1071 Etsi
544 1038 637 1080 parvi
650 1048 767 1078 sumus,
779 1038 934 1079 gessimus
948 1041 1063 1071 tamen
1078 1037 1282 1081 honorificum
1295 1047 1406 1071 munus
1419 1037 1454 1070 in
1469 1037 1524 1070 hoc
1539 1036 1629 1072 bello.

418 1081 429 1103 ¹
450 1082 623 1124 Postquam
639 1081 794 1121 cessijure
806 1081 959 1114 sortiendi
969 1081 1179 1123 provinciam.

994 1167 1073 1181 Μ

375 1221 529 1255 omnibus
559 1215 749 1265 displicuit.
795 1221 932 1256 Acidal.
958 1223 1050 1265 conj.
1075 1226 1112 1256 ut
1134 1233 1167 1264 p.
1193 1222 1341 1255 moenium
1363 1221 1461 1265 Resp-
1479 1221 1565 1263 Aug.
1588 1221 1637 1255 ita
1659 1222 1780 1264 ducem,
1792 1224 1846 1264 4⁶0.

375 1266 521 1307 Gruter.
535 1266 660 1298 unicum
669 1277 680 1299 .-
704 1265 826 1298 Heius.
843 1267 914 1307 jam
937 1267 1064 1298 solitum
1077 1277 1088 1298 .·
1111 1266 1301 1298 Burmann.
1318 1268 1357 1298 ut
1367 1276 1400 1308 p.
1414 1266 1552 1298 militum
1564 1266 1730 1306 Augustus
1743 1276 1764 1298 α
1778 1276 1845 1308 rep.

373 1308 841 1393 rar.a‘2.<¹-“{“;};‘..‘f¹t⁶„2ss².
854 1309 1104 1384 aasz&
1114 1309 1846 1390 §trumwineamisus}

375 1394 466 1435 conj.
496 1394 681 1435 designatus
703 1395 849 1427 tribunus
868 1395 970 1436 plebi.-
988 1393 1112 1427 Heius.
1139 1394 1232 1436 conj.
1254 1395 1384 1427 necdum
1405 1394 1444 1428 S.
1468 1404 1508 1427 ιε.
1529 1403 1555 1426 s.
1569 1397 1605 1426 ut
1619 1394 1691 1434 jam
1705 1393 1845 1426 tribunis

373 1437 487 1478 plebei.
511 1438 521 1455 ⁴
537 1438 674 1470 Verba:
697 1448 753 1470 nec
765 1439 839 1470 dum
854 1436 1150 1470 senaim-...tribunis
1162 1437 1263 1479 plebei
1273 1437 1316 1469 de
1352 1438 1534 1470 lossemate
1548 1441 1710 1478 suspecta
1723 1437 1847 1478 habeo,

374 1484 556 1521 praeeunte
571 1481 654 1512 Viro
670 1481 716 1513 D.
733 1481 770 1512 in
782 1481 925 1521 Ephem.
940 1480 993 1512 lit.
1007 1479 1130 1513 Goett.
1146 1483 1245 1513 1779.
1268 1447 1390 1512 Adgit.
1406 1489 1441 1522 p.
1466 1483 1540 1512 121.
1557 1480 1615 1522 qui
1631 1480 1681 1512 ita
1694 1479 1738 1511 de
1754 1479 1845 1522 prio-

372 1521 482 1562 ribus,
496 1533 552 1555 nec
564 1523 868 1556 damnemini-ihm
876 1522 1034 1564 judicat?
1057 1523 1243 1556 Kraus.—8
1264 1522 1323 1555 Ita
1335 1523 1488 1555 Rhenan.
1499 1523 1564 1555 Ed.
1579 1532 1631 1565 pr.
1640 1522 1850 1564 perduxit.—

374 1567 396 1596 9
418 1565 475 1597 Ita
491 1565 614 1599 Heius.
629 1566 697 1599 Ed.
711 1575 766 1609 pr.
775 1566 922 1608 vidimus,
932 1565 1024 1609 quod
1036 1566 1154 1609 placet
1166 1567 1440 1599 Burmann—10
1460 1566 1519 1598 Usi
1534 1565 1708 1609 supplevit
1723 1565 1846 1599 Heius.

1039 1669 1182 1705 NOTAE

376 1753 480 1788 posse
492 1745 624 1780 hostem
649 1747 684 1780 in
708 1747 801 1780 urbis
828 1748 947 1780 Romae
963 1747 1082 1781 venire
1180 1753 1197 1776 ¹1
1221 1747 1332 1781 Etiam
1360 1745 1535 1788 designatis
1565 1744 1701 1778 tribunis
1731 1744 1848 1788 plebei]

374 1797 624 1839 conspectum!
666 1799 759 1840 Ergo
786 1799 869 1842 quid
894 1799 987 1832 aliud
1002 1808 1085 1841 ope·
1140 1798 1256 1841 Aliqui
1271 1798 1470 1839 emendant,
1483 1801 1520 1830 et
1541 1796 1663 1839 edunt,
1683 1796 1848 1829 etiamne-

375 1856 425 1880 rae
442 1849 591 1890 pretium
614 1853 692 1882 erat
717 1850 760 1882 ab
782 1850 942 1892 Augusto
964 1854 1086 1892 petere
1137 1849 1282 1890 signatus
1301 1847 1446 1880 tribunus
1464 1847 1574 1889 plebis.
1618 1847 1731 1881 Quam
1751 1846 1851 1881 lecti-

376 1898 419 1929 ad
436 1897 530 1930 urbis
546 1899 666 1931 Romae
681 1899 887 1941 custodiam,
904 1910 1005 1942 quam
1024 1900 1087 1932 mi·
1140 1907 1242 1931 onem
1251 1898 1349 1941 sequi
1362 1907 1418 1930 me
1429 1897 1525 1939 cogit
1536 1897 1702 1930 Romanae
1713 1898 1849 1940 reipub·

378 1949 479 1981 litum
505 1949 718 1992 praesidium,
739 1950 888 1992 Gallice,
917 1951 986 1983 Une
1003 1950 1088 1983 Gar·
1141 1950 1217 1982 licae
1234 1949 1343 1981 ritus:
1365 1948 1536 1980 Tribunos
1555 1947 1637 1990 eligi
1649 1957 1718 1980 non
1734 1957 1848 1990 posse,

378 1998 494 2033 nisan?

419 2054 445 2071 ¹¹¹
467 2051 677 2084 Mediae-ritas
690 2051 814 2093 nostru]
847 2053 927 2086 Jam
942 2055 1016 2084 tum
1029 2052 1091 2084 hu-

372 2100 526 2142 jusmodi
556 2100 710 2134 formulae
738 2101 903 2145 loquendi
931 2102 1090 2144 usurpari

375 2155 570 2192 coeperunt,
583 2152 644 2185 ubi
654 2152 698 2185 de
708 2162 745 2185 se
756 2152 844 2194 ipso,
859 2156 920 2184 aut
931 2152 975 2185 ad
989 2153 1088 2185 Prin·

380 2202 477 2244 cipes
506 2202 598 2235 viros
628 2212 742 2235 sermo
770 2208 858 2236 erat.
901 2204 980 2237 Jam
1003 2204 1098 2244 tum,

378 2252 513 2285 scilicet
537 2252 600 2284 sub
626 2252 780 2294 Tiberio,
804 2253 966 2286 Valerius
979 2253 1091 2286 Maxi-

378 2312 454 2334 mus
471 2312 573 2335 ausus
585 2306 639 2336 est
649 2303 781 2346 dicere,
801 2303 812 2321 ‘
824 2313 899 2336 mea
913 2304 1091 2346 parvitas:

379 2362 443 2394 pro
455 2363 524 2393 ego.

421 2408 437 2424 ¹¹
459 2403 626 2444 Ministri]
648 2404 786 2447 Lipsius
807 2414 877 2437 non
899 2404 1086 2446 incongrue

376 2453 477 2495 legit,
507 2453 692 2487 ministerii.
743 2455 876 2487 Tamen
912 2455 1086 2497 vulgatam

378 2504 564 2537 lectionem
581 2505 720 2538 tolerat.

422 2560 439 2577 ⁰
461 2555 575 2588 Finita
598 2556 733 2598 equestri
754 2555 886 2597 militia]
917 2554 1088 2588 Absolute

380 2608 473 2638 stato
490 2609 644 2648 tempore
655 2606 811 2639 merendi
826 2607 917 2638 inter
931 2606 1087 2648 equites:

381 2654 529 2696 Gallice,
558 2655 668 2698 Ayant
692 2656 808 2688 acheve
831 2666 903 2689 mon
928 2659 1028 2699 temps
1050 2657 1090 2689 de

381 2706 500 2739 service
511 2707 618 2748 parmi
629 2708 662 2739 la
678 2707 852 2740 Canulei-ie.

423 2761 442 2783 P
453 2756 650 2797 Designatus
658 2759 810 2800 quoestor]
822 2758 901 2790 Non
911 2757 1018 2800 urbis,
1028 2757 1089 2790 sed

381 2806 574 2841 exercitus:
598 2807 689 2850 quod
705 2817 827 2842 munus
842 2808 992 2842 militare
1007 2811 1074 2841 est.

1142 1999 1207 2032 nisi
1235 2009 1255 2031 e
1279 1998 1410 2031 Senatu
1424 2009 1433 2031 2
1470 2007 1548 2030 cum
1578 1998 1672 2040 prius
1697 2007 1718 2030 e
1746 1998 1850 2040 plebe

1143 2049 1314 2082 duntaxat
1342 2048 1569 2090 eligerentur.
1612 2047 1718 2080 Hunc
1743 2047 1850 2081 ritum

1141 2100 1279 2142 Lipsius
1301 2099 1392 2132 eruit
1406 2098 1546 2142 quidem
1560 2107 1581 2131 e
1596 2098 1687 2131 situ:
1712 2102 1751 2132 at
1764 2109 1848 2144 eun-

1143 2151 1222 2184 dem
1238 2151 1275 2183 in
1290 2150 1439 2183 alienum
1453 2158 1601 2192 sensum,
1621 2159 1699 2182 meo
1704 2149 1852 2192 judicio,

1143 2201 1343 2245 detorquet.
1386 2200 1450 2234 Ait
1459 2200 1550 2233 enim
1563 2200 1748 2242 Velleium,
1761 2210 1848 2234 non-

1143 2253 1223 2286 dum
1237 2253 1454 2292 senatorem,
1468 2255 1639 2293 aequatum
1654 2260 1730 2284 esse
1743 2251 1848 2284 Sena-

1143 2302 1290 2344 toribus‚
1303 2302 1341 2335 id
1363 2305 1430 2342 est,
1454 2300 1601 2334 Tribunis
1621 2300 1735 2343 plebis,
1757 2301 1792 2334 in
1807 2311 1849 2334 eo

1143 2352 1234 2394 quod
1255 2361 1353 2394 aeque
1377 2360 1418 2384 ac
1441 2350 1571 2383 tribuni
1591 2351 1701 2393 copiis
1723 2350 1850 2393 praefu·

1141 2403 1222 2436 erit.
1251 2392 1257 2401 ’
1281 2403 1405 2435 Nonne
1434 2402 1542 2443 magis
1570 2406 1624 2434 est
1651 2401 1696 2434 ad
1723 2402 1851 2440 Velleii

1140 2457 1304 2494 mentem,
1347 2453 1518 2489 Velleium
1555 2451 1655 2485 finita
1697 2454 1850 2496 equestri

1141 2503 1276 2546 militia,
1284 2513 1352 2536 non
1363 2503 1465 2537 modo
1476 2503 1692 2545 designatum
1701 2507 1849 2546 questo·

1142 2563 1215 2586 rem
1231 2553 1326 2586 urbis
1339 2564 1349 2594 ;
1371 2553 1432 2586 sed
1444 2553 1548 2585 etiam
1560 2552 1777 2595 designatum
1787 2555 1847 2586 tri-

1142 2604 1271 2637 bunum
1293 2604 1424 2645 plebis,
1436 2603 1488 2646 (in
1502 2613 1580 2646 quo,
1594 2612 1671 2635 cum
1692 2603 1845 2636 nondum

1143 2660 1237 2688 esset
1249 2656 1408 2696 Senator,
1431 2658 1586 2696 aequatus
1607 2657 1662 2685 est
1677 2654 1851 2686 Senatori-

1143 2705 1222 2746 bus,
1237 2715 1256 2738 e
1268 2705 1391 2748 quibus
1404 2705 1512 2737 solum
1525 2703 1653 2736 tribuni
1664 2703 1774 2745 plebis
1788 2705 1849 2737 eli·

1143 2754 1340 2798 gebantur,)
1349 2754 1526 2797 praefuisse
1534 2753 1655 2795 copiis,
1663 2762 1849 2798 earumque

1143 2810 1278 2848 partem
1291 2805 1430 2840 duxisse
1447 2804 1490 2837 ad
1505 2804 1703 2838 TiberIum?
