2002 3250
573 301 638 333 DE
671 300 853 332 OPERIS
886 300 1096 334 VELLEII
1130 299 1352 333 [Nnouo
1646 289 1704 332 15

214 397 363 442 Instar
378 381 573 454 exempli
593 397 681 440 sint
700 410 755 438 ea
786 410 890 452 quae
910 395 1130 440 ωᾶὓοπι
1145 394 1450 441 Gracchorum
1479 396 1558 454 (ιι.
1579 396 1621 440 2.
1625 398 1707 451 -.6)

211 470 426 510 enarratae
446 468 488 509 7.
492 467 582 509 -.]Ο
603 466 855 522 subjecit.

266 535 562 581 Brevitatem
576 548 784 591 sequens,
818 536 867 578 in
903 549 1077 579 summo
1112 535 1268 591 aliquo
1313 537 1462 591 capite
1501 535 1708 581 historiae

204 578 443 649 traca-h
465 605 721 662 plerumque
756 606 814 648 ab
845 618 900 648 eo
929 607 1145 660 temporis
1174 611 1419 656 momento,
1456 606 1504 648 in
1524 619 1614 663 quo
1634 621 1704 651 re-

209 683 313 719 ια
337 674 579 718 discrimen
608 675 778 718 factum
810 679 895 727 est,
927 675 1104 730 incipit,
1138 682 1199 727 et,
1233 689 1335 730 quae
1366 675 1426 718 ad
1460 676 1707 732 intelligen-

211 743 316 788 dam
332 758 426 787 rem
443 745 638 800 priorum
656 749 904 800 temporum
922 745 1138 787 memoria
1151 744 1398 800 repetenda
1419 751 1536 797 sunt,
1554 760 1610 789 ea
1626 760 1708 803 op·

211 816 403 870 portuno
422 814 527 856 loco
548 813 794 856 intertexit.
823 812 934 855 Vid.
949 826 990 855 e.
1007 827 1049 855 c.
1066 825 1121 856 ιι.
1141 813 1216 856 11.
1232 826 1301 868 sq.
1320 813 1390 856 18.
1409 828 1509 869 sqq.
1545 815 1708 872 Neque

214 885 363 925 tamen
382 883 430 925 in
462 897 509 925 re
531 884 785 932 summatim
806 882 1077 938 exponenda
1103 883 1316 938 praeterit,
1349 883 1564 938 quicquid
1584 884 1708 928 haud

210 950 383 994 nescire
401 951 583 994 lectoris
603 952 815 994 interest:
848 964 876 993 a
896 951 1164 1006 quibusnam
1185 952 1358 994 scilicet
1378 954 1597 1006 personis,
1617 967 1708 1010 quo

211 1018 331 1072 loco,
354 1034 444 1076 quo
464 1025 678 1076 tempore,
700 1021 865 1076 quibus
885 1020 944 1063 de
963 1021 1148 1072 causis„
1170 1021 1337 1076 quibus
1359 1022 1709 1074 consiliiS,:,viri-

214 1090 301 1132 bus
323 1094 368 1134 et
388 1091 584 1142 auxiliiS,
606 1104 698 1146 qua
717 1090 892 1133 ratione
910 1088 1084 1144 aliquid
1104 1094 1336 1144 peractum
1357 1090 1428 1132 sit.
1475 1090 1581 1132 Vid.
1603 1104 1646 1134 v.
1669 1106 1708 1136 c.

218 1170 273 1201 ιι.
293 1159 366 1202 15.
387 1173 457 1215 sq.
519 1160 574 1202 In
594 1173 684 1215 quo
714 1160 777 1203 ita
805 1162 873 1202 est
903 1158 1158 1212 diligentior
1189 1162 1323 1214 atque
1344 1160 1585 1214 copiosior,
1617 1175 1709 1217 quo

215 1229 422 1282 graviora
439 1230 543 1281 sint,
564 1230 610 1271 in
631 1240 734 1284 quae
754 1228 926 1279 incidit,
947 1231 1170 1282 tempora.
1210 1227 1319 1271 Vid.
1341 1242 1383 1271 v.
1406 1242 1447 1270 c.
1469 1240 1523 1270 11.
1544 1229 1708 1273 48.-56.

216 1296 384 1341 84.-86.
415 1297 644 1340 110.-116.
676 1296 779 1340 117.
802 1310 904 1352 sqq.

276 1366 392 1410 Cum
423 1366 592 1410 Noster
620 1380 691 1410 res
720 1367 964 1410 narrandas
995 1370 1216 1422 perpetua
1251 1367 1482 1427 oratione,
1504 1369 1709 1412 omnibus

217 1435 423 1490 partibus
441 1436 676 1492 aptissime
694 1437 808 1479 inter
829 1448 877 1478 se
895 1437 1131 1488 connexis,
1145 1437 1478 1492 persequendas
1498 1438 1585 1479 sibi
1607 1451 1711 1493 pro-

217 1507 430 1561 ponerem
460 1506 530 1548 his
565 1506 832 1548 transitione
863 1504 1026 1547 idonea
1048 1505 1310 1561 jungendis,
1343 1507 1540 1548 oratorio
1568 1521 1709 1560 more,

219 1573 402 1616 studuit.
447 1574 619 1618 Praeter
636 1575 755 1617 enim
777 1573 980 1616 solennes
999 1573 1255 1616 transeundi
1277 1578 1323 1615 et
1343 1575 1589 1629 copulandi
1607 1587 1711 1631 par-

219 1642 384 1687 ticulas
419 1643 738 1699 formulasque,
764 1643 821 1684 'in
857 1643 1044 1686 transitu
1075 1641 1143 1683 vel
1171 1644 1236 1701 rei
1263 1644 1574 1699 subsequentis
1605 1658 1710 1688 cum

219 1712 522 1766 praecedente,
560 1725 664 1767 quae
696 1724 849 1754 causae
880 1712 1022 1754 instar
1051 1711 1257 1755 habenda
1282 1714 1353 1764 sit,
1387 1727 1552 1756 nexum
1584 1718 1711 1758 notat

218 1781 284 1838 (v.
307 1795 347 1825 c.
371 1793 425 1824 11.
446 1782 489 1825 2.
511 1782 583 1825 15.
606 1779 759 1838 100.);
786 1780 854 1823 vel
873 1785 991 1833 acta,
1025 1795 1130 1824 cum
1164 1783 1459 1837 sequentibus
1494 1785 1543 1825 in
1570 1797 1711 1827 unum

218 1855 395 1907 tempus
425 1851 683 1903 incidentia,
715 1852 762 1894 in
803 1851 1065 1893 memoriam
1105 1855 1289 1894 revocat
1318 1854 1378 1904 (v.
1404 1865 1443 1895 c.
1471 1863 1523 1895 11.
1545 1851 1619 1895 29.
1638 1853 1712 1895 74.

219 1919 292 1963 88.
313 1919 461 1977 112.);
492 1920 560 1962 vel
582 1921 758 1977 judicio
788 1920 844 1963 de
866 1921 929 1963 rei
949 1921 1184 1963 narrandae
1221 1920 1536 1974 magnitudine,
1574 1934 1712 1977 quam

219 1990 369 2045 operis
402 1989 563 2032 modus
594 1989 757 2045 paucis
789 1991 959 2032 tantum
990 1989 1362 2044 comprehendere
1390 1990 1566 2045 jubeat,
1597 2004 1712 2045 prae-

219 2059 358 2101 misso
387 2058 467 2116 (11.
503 2059 574 2101 41.
604 2059 676 2102 67.
707 2059 808 2101 123.
842 2059 914 2101 29.
944 2058 1019 2102 86.
1053 2057 1195 2115 119.),
1228 2058 1479 2114 eodemque
1511 2072 1713 2101 nonnun-

220 2141 355 2183 quam
401 2141 483 2183 per
532 2128 789 2179 sententias,
835 2128 1214 2181 interrogationes,
1251 2128 1710 2183 exclamationesque,

221 2197 354 2240 animi
386 2197 550 2240 affectu
582 2198 756 2253 plenas,
791 2197 1028 2252 proposito
1059 2198 1132 2248 (ιι.
1166 2196 1268 2239 106.
1303 2197 1405 2239 110.
1440 2195 1542 2239 114.
1574 2195 1711 2249 122),

219 2266 458 2321 legentium
479 2267 652 2309 animos
672 2270 901 2322 praeparat
923 2270 1058 2322 atque
1076 2266 1279 2324 intendit.
1681 2304 1683 2306 ,

278 2334 458 2378 Animis
477 2335 694 2378 lectorum
710 2338 776 2379 ita
793 2336 1080 2391 praeparatis,
1097 2335 1258 2391 incipit
1275 2334 1536 2390 plerumque
1555 2346 1583 2376 a
1603 2333 1713 2376 viris

222 2405 423 2456 summis,
446 2406 544 2448 sive
565 2405 759 2457 civibus,
788 2405 885 2448 sive
904 2405 1111 2447 barbaris
1142 2402 1221 2460 (ιι.
1243 2403 1314 2446 18.
1336 2403 1436 2446 108.
1459 2401 1615 2458 lla),
1633 2405 1715 2445 aut

220 2475 382 2517 virtute
402 2474 553 2526 claris,
585 2478 663 2517 aut
683 2473 958 2529 turpitudine
987 2473 1175 2516 famosis
1204 2472 1286 2531 (ιι.
1305 2473 1379 2515 45.
1402 2474 1474 2515 48.
1495 2470 1604 2527 68),
1636 2473 1715 2528 qui

223 2543 392 2598 primas
420 2543 482 2585 rei
513 2548 668 2599 partes
697 2546 894 2600 egerunt,
922 2544 1054 2597 atque
1075 2542 1132 2584 ad
1153 2555 1289 2596 genus
1311 2555 1462 2584 eorum
1485 2546 1714 2603 etncogna-¹

221 2611 392 2654 tionem
411 2610 490 2669 (ιι.
512 2613 554 2655 2.
585 2613 627 2655 3.
648 2613 720 2655 17.
741 2610 815 2655 29.
835 2623 902 2666 sq.
923 2610 997 2652 41.
1017 2611 1088 2653 59.
1111 2608 1220 2666 sq.),
1251 2611 1310 2652 ad
1331 2609 1534 2665 corporis
1559 2600 1718 2651 eorum*

224 2680 450 2736 animique
483 2681 631 2733 dotes,
665 2681 878 2731 indolem,
914 2692 1079 2731 mores,
1111 2679 1268 2722 studia>
1288 2679 1532 2729 literarum,
1573 2677 1714 2720 fortu-

223 2760 415 2803 namque
445 2747 512 2807 (v.
534 2750 580 2792 ll'.
600 2749 647 2792 ll.
668 2753 711 2792 et
730 2760 783 2791 11.
801 2747 873 2791 ll.
894 2746 1005 2804 45),
1036 2747 1094 2790 ad
1105 2747 1386 2803 juventutem
1410 2750 1453 2789 et
1473 2746 1531 2787 ad
1552 2745 1712 2799 vitam,

225 2819 462 2872 antequam
495 2818 553 2861 ad
583 2818 908 2875 rempublicam
939 2821 1236 2868 accesserunt,
1273 2819 1421 2859 aotam
1450 2814 1527 2871 (ιι.
1547 2814 1618 2857 29.
1639 2815 1713 2858 41.

226 2897 325 2941 sqq·
344 2886 415 2930 59.
436 2899 505 2944 sq.
524 2888 624 2932 108.
644 2887 746 2932 117.
766 2900 835 2945 sq.
857 2885 961 2944 διο.)
989 2886 1263 2942 digreditur3
1298 2884 1462 2942 quibus
1483 2897 1543 2929 ex
1570 2886 1712 2929 omni,
