2008 3210
356 235 446 280 416

357 341 471 385 πρίατο
486 342 592 382 ἄλλην
603 342 641 375 τὲ
656 342 709 375 καὶ
723 343 807 387 παρὰ
821 345 999 384 Καμπανῶν
1012 345 1076 377 τῶν

359 394 393 426 ἐν
406 396 448 437 τῇ
463 393 757 436 Καπύῃοῖκούντων
783 394 907 435 συχνὴν
930 394 998 437 (καὶ
1013 394 1076 437 γὰρ

360 444 491 477 ἐποίκων
514 445 534 485 ἦ
557 445 651 478 πόλις
664 447 794 477 πολλῶν
809 444 926 488 ἐδεῖτο)
950 444 1002 477 καὶ
1024 445 1078 477 αὖ·

359 497 425 529 τοῖς
438 495 477 528 τό
501 508 538 528 τε
554 495 632 538 ὕδωρ
645 495 684 527 τὸ
698 495 831 528 Ἰούλιον
845 493 1076 537 ὠνομασμένον,

361 548 413 590 ὑφ’
430 545 534 582 οὔκαὶ
547 547 589 579 τὰ
609 545 751 588 μάλιστα
772 546 822 579 διὰ
834 545 961 579 πάντων
977 545 1078 588 ἀγάλ-

359 602 482 643 λονσαι,
507 599 567 639 τήν
590 613 628 633 τε
653 600 766 643 χώραν,
784 599 844 639 τὴν
867 598 1023 639 Κνωσίαν,
1038 598 1078 637 ἣν

361 652 414 685 καὶ
428 654 482 685 νῦν
497 652 543 684 ἔτί
558 653 760 695 καρποῦνται,
774 651 929 685 ἀντέδωκε
941 663 949 684 :
973 652 1078 693 Atque

360 704 409 736 itu
432 704 551 736 milites
564 707 646 737 ⁴tunc
669 704 792 747 quidem
820 704 1010 746 composuit:
1046 707 1078 736 et

360 758 529 795 argentum
542 755 666 796 statim,
679 762 785 796 agros·
803 765 864 787 non
889 756 986 787 inulto
1008 757 1079 795 post

360 805 403 837 iis
418 806 526 838 aedit:
577 806 733 843 Quoniam
758 805 842 838 enim
868 805 1001 847 publici,
1026 805 1080 846 qui

365 859 559 898 tonuerunt,
585 867 645 890 non
669 857 875 900 sufficiebant,
890 856 986 888 etiam
1000 856 1080 888 alios

363 906 447 939 emit
462 917 482 939 ιι
499 907 669 950 Campanis
682 908 827 950 iuis‚‘qui
844 909 985 950 Capuam
998 907 1082 939 inco-

362 957 446 999 lunt,
461 960 568 1000 eosque
581 959 708 997 multos,
723 959 854 1000 (multis
867 958 952 990 enim
965 958 1082 990 colonis

362 1007 528 1048 indigebat
543 1018 581 1040 eo
595 1008 704 1048 παῦ-(3,)
721 1011 752 1040 et
773 1008 853 1050 ipsis
875 1011 943 1040 tum
966 1008 1081 1049 uquam

364 1057 499 1099 Juliam,
523 1067 585 1099 qua
610 1058 748 1090 maxime
763 1059 900 1090 omnium
924 1059 1081 1098 gaudent,

365 1111 433 1150 turp
448 1108 736 1150 terram-Gnosiam,
747 1108 926 1150 (Gnosiam
937 1108 1058 1142 melius
1073 1120 1082 1142 :

364 1163 487 1201 estque
504 1159 641 1192 Gnosus
670 1159 706 1192 iu
733 1161 839 1193 Creta
850 1159 877 1202 z)
900 1170 961 1202 quo
983 1160 1082 1193 etiam

364 1219 446 1241 nunc
465 1209 635 1252 fruuntur,
648 1216 754 1243 eornm
775 1212 839 1242 loco
853 1211 953 1244 dedit.
998 1211 1082 1244 Om-

366 1260 424 1291 nia
439 1260 513 1292 hoec
527 1261 625 1303 quasi
640 1260 684 1293 de
708 1260 876 1293 industria
891 1261 1022 1303 scripta
1037 1261 1080 1293 ad

365 1310 494 1342 Velleii
520 1310 633 1343 lucem
648 1322 656 1344 ε
693 1315 730 1344 et
747 1312 823 1354 quis
838 1312 919 1353 scit,
933 1312 962 1344 si
978 1322 1046 1345 non
1062 1322 1082 1344 a

368 1362 485 1394 Dione
512 1362 616 1395 istinc
642 1362 804 1404 sumpta?
838 1362 940 1396 Quod
966 1366 1082 1395 tamen

365 1411 423 1444 hic
454 1412 630 1456 scribitur,
660 1413 728 1454 ejus
749 1414 869 1446 reditus
891 1417 983 1445 erant
1003 1414 1082 1455 pub-

366 1463 434 1504 lici,
456 1473 603 1505 pravum
635 1468 701 1497 est.
761 1464 855 1498 Quid
883 1464 1004 1497 reditus
1039 1465 1083 1497 ad

368 1523 442 1546 rem
459 1514 691 1556 praesentem?
724 1523 790 1546 nec
816 1524 875 1546 eos
900 1525 984 1547 sane
999 1515 1083 1547 emit

368 1564 499 1604 Caesar,
521 1564 583 1596 sed
611 1574 722 1606 agros.
766 1565 809 1597 In
836 1565 989 1598 editione
1015 1566 1084 1608 pri·

369 1624 437 1655 ma,
458 1615 525 1654 ey‘us
539 1614 644 1647 relicti
658 1618 749 1647 aaut
762 1614 891 1656 publici.
940 1615 1084 1648 Certum

367 1664 494 1705 habeo,
511 1664 578 1703 ejus
593 1665 727 1707 reliquie
761 1665 797 1696 id
814 1669 878 1705 est,
900 1665 1020 1707 Capua
1033 1676 1085 1698 re-

367 1715 482 1757 liquos
510 1715 662 1747 habebat
693 1725 794 1756 agros
824 1715 998 1756 publicos,
1026 1716 1085 1758 qui

369 1766 521 1799 nondum
546 1766 720 1807 attributi,
743 1771 782 1799 et
807 1767 866 1810 qui
890 1777 957 1799 non
983 1777 1085 1800 vene-

372 1822 453 1849 rant
469 1818 503 1849 in
519 1817 734 1850 divisionem.
779 1818 856 1850 Hos
871 1814 1001 1860 (Dione
1025 1828 1086 1860 pa-

369 1869 439 1900 lam
476 1867 658 1911 narrante)
690 1868 733 1901 ab
771 1868 813 1901 iis
844 1869 929 1901 emit
959 1868 1087 1902 Caesar.

372 1919 513 1961 Lipsius.

413 1970 539 2012 Instar]
583 1970 709 2003 Festus
724 1970 911 2013 Pompeius
925 1970 968 2003 ab
983 1971 1087 2003 instar

369 2021 551 2053 instaurare
568 2020 734 2054 deducit:
759 2022 920 2064 quoniam
936 2021 1023 2054 illud
1039 2022 1088 2054 in-

371 2073 519 2104 staurari
535 2072 678 2114 proprie
694 2066 845 2114 dicaffir,
857 2072 948 2115 quod
963 2073 1007 2104 ad
1020 2072 1089 2105 for-

372 2133 464 2155 mam
479 2122 624 2155 similem
639 2123 800 2164 exemplo
821 2123 929 2164 priori
952 2122 1089 2155 reduci-

373 2178 444 2206 tur.
492 2173 561 2205 Hic
578 2182 660 2206 vero
682 2173 787 2205 instar
808 2183 875 2205 non
892 2174 1089 2216 exemplum

374 2229 442 2266 est,
469 2234 582 2267 neque
608 2223 742 2266 passive
775 2234 837 2266 pro
867 2233 908 2256 eo
939 2225 1088 2266 eapitur,

371 2275 466 2318 quod
482 2279 537 2308 est
551 2275 806 2315 instauratum;
841 2275 902 2307 sed
925 2275 1016 2307 enim
1033 2286 1090 2309 ac-

373 2326 459 2368 tive,
474 2330 513 2359 ut
527 2326 620 2368 quod
636 2326 827 2366 instaurat;
862 2325 937 2358 heic
963 2335 1089 2370 nempe

377 2377 631 2410 salubritatem.
658 2376 785 2409 Acidol.

419 2428 553 2460 Corona>
579 2426 732 2468 classicoe]
774 2427 901 2469 Tangit
924 2427 1087 2470 princeps

373 2478 511 2513 Poeta:
536 2479 547 2497 ‘
563 2479 735 2519 Tempora
749 2478 866 2510 navali
890 2476 1005 2520 fulget
1019 2488 1089 2510 ros-

373 2534 469 2564 trata
505 2528 658 2573 corona!
715 2528 726 2546 ‘
744 2529 909 2561 Rostrata
924 2528 934 2543 '
973 2529 1089 2561 Plinio

376 2590 513 2623 quoque
526 2580 645 2612 dicta:
663 2579 742 2612 vide
751 2578 938 2620 Agellium.
953 2578 1088 2620 Schegk.

378 2630 557 2672 Classicae}
587 2630 742 2666 Vocatur
776 2629 860 2663 alias
892 2629 1024 2661 navalis
1053 2635 1090 2663 et

376 2684 547 2713 rostrata:
579 2681 590 2699 ‘
607 2680 688 2722 quia
704 2681 799 2722 quasi
816 2681 937 2712 rostris
952 2681 1091 2713 navium

374 2723 536 2771 insignita
559 2729 646 2770 est3’
658 2735 724 2762 ‘ut
753 2731 803 2762 ait
833 2730 966 2763 Gellius
998 2740 1036 2764 ν.
1059 2734 1091 2764 6.

374 2779 478 2830 Unde
497 2779 629 2822 effigies
645 2774 813 2822 Agrippae
841 2790 920 2818 eum
947 2781 1008 2814 tali
1035 2790 1091 2814 co-

375 2825 459 2863 rona
474 2831 508 2877 in
525 2832 676 2877 antiquis
692 2833 851 2879 nummis.
900 2843 902 2845 ’

666 248 812 282 NO'rAE
831 248 1114 282 -VARmRUM
1129 271 1131 274 ι
1145 250 1200 282 IN
1218 250 1523 284 PATEROUM

1171 348 1242 384 Quo
1256 357 1345 381 nemo
1358 346 1519 390 umquam]
1540 346 1576 379 Si
1593 345 1833 382 voluit'dloeu

1124 397 1295 440 Velleius,
1328 399 1501 432 neminem
1533 402 1614 431 ante
1644 397 1835 440 Agrippan

1127 453 1326 490 reportasse
1365 458 1529 482 coronam
1567 448 1738 490 navalem,
1770 447 1838 482 hoc

1127 504 1195 543 est,
1222 504 1420 541 rostratam,
1454 503 1515 532 aut
1538 492 1679 541 erravit,
1701 505 1762 538 aut
1788 498 1841 533 di·

1127 560 1265 583 versum
1281 551 1387 584 sentit
1403 561 1424 583 a
1438 551 1568 584 Plinio.
1611 550 1649 583 Is
1663 550 1753 583 euim
1768 559 1844 590 mn*

1129 600 1267 635 dubitat
1281 600 1450 635 affirmare
1470 602 1496 635 l.
1512 610 1593 634 xvr.
1615 604 1650 634 4.
1672 601 1684 620 ⁴
1701 599 1840 635 cedunt

1128 656 1165 684 et
1181 656 1355 693 rostratae,
1371 652 1527 695 quamvis
1545 653 1580 684 in
1595 651 1732 685 duobus
1745 661 1845 686 maxe

1129 702 1197 735 ime
1221 703 1264 735 ad
1287 703 1352 735 hoc
1379 703 1445 735 aevi
1471 702 1653 742 celebres3
1683 702 1736 735 M.
1751 701 1840 735 Var-

1129 762 1225 794 rone,
1253 754 1411 795 piraticis
1426 753 1526 786 bellis
1542 752 1647 785 dante
1673 753 1841 795 Pompeio
1869 784 1884 794 ‚

1131 803 1284 845 Magno;
1321 805 1475 846 itemque
1503 805 1555 837 M.
1583 803 1756 846 Agrippa,
1778 803 1842 835 tri·

1130 852 1258 886 buente
1275 854 1414 887 Caesare
1428 854 1575 887 Siculis!
1614 854 1685 887 Sed
1697 853 1841 887 etidem

1130 905 1277 937 Naturae
1305 908 1433 946 mystes
1459 906 1580 938 unicus
1605 904 1668 937 lib.
1694 912 1761 936 vu.
1787 905 1842 936 80.

1131 955 1142 973 ‘
1158 955 1212 987 M.
1240 955 1420 996 Varronis,
1449 955 1485 988 in
1514 954 1727 988 bibliotheca
1763 964 1841 997 quae

1131 1005 1242 1048 prima
1267 1006 1304 1038 in
1331 1006 1412 1039 orbe
1427 1007 1471 1039 ab
1486 1006 1611 1039 Asinio
1623 1006 1783 1039 Pollione
1797 1015 1843 1039 ex

1131 1057 1300 1090 manubiis
1327 1057 1507 1101 publicata
1522 1059 1639 1090 Romae
1659 1061 1725 1099 est,
1741 1057 1842 1090 unius

1132 1107 1279 1141 viventis
1295 1109 1408 1150 posita
1432 1109 1545 1151 imago
1559 1112 1638 1142 est:
1673 1107 1767 1143 haud
1780 1108 1843 1141 mi-

1131 1167 1228 1199 nore,
1241 1162 1280 1190 ut
1306 1158 1466 1201 equidem
1491 1169 1583 1200 reor,
1610 1158 1730 1201 gloria,
1751 1158 1845 1200 prin-

1132 1209 1210 1250 cipe
1225 1213 1365 1241 oratore
1390 1214 1428 1241 et
1451 1210 1542 1251 cive,
1557 1220 1603 1242 ex
1617 1210 1676 1243 illa
1689 1208 1844 1251 iugenio·

1132 1269 1218 1298 rum,
1230 1269 1306 1302 quae
1320 1265 1402 1293 tunc
1413 1260 1491 1303 fuit,
1503 1260 1733 1302 multitudine,
1742 1269 1846 1293 unam

1132 1311 1220 1343 banc
1247 1321 1410 1344 coronam
1435 1312 1556 1354 dante,
1575 1321 1676 1356 qnam
1703 1321 1783 1344 cum
1797 1311 1847 1345 ei-

1133 1361 1212 1393 dem
1240 1362 1386 1403 Magnus
1414 1362 1602 1404 Pompeius
1631 1362 1781 1404 piratico
1801 1370 1846 1394 ex

1133 1411 1226 1444 bello
1241 1413 1396 1445 navalem
1413 1413 1534 1446 dedit:
1590 1413 1636 1445 Et
1650 1422 1735 1446 vero
1749 1412 1844 1445 nullo

1135 1473 1209 1496 aevo
1248 1463 1408 1509 cuiquam
1457 1463 1643 1506 contigisse
1682 1472 1847 1496 coronam

1134 1519 1330 1556 rostratam,
1343 1519 1574 1558 praeterquam
1589 1515 1649 1548 uni
1664 1514 1848 1557 Agrippa,

1134 1564 1225 1597 idem
1250 1565 1355 1598 etiam
1382 1565 1539 1607 prodidit
1565 1565 1636 1598 Dio
1653 1565 1796 1601 Cassius
1818 1565 1846 1597 14

1135 1623 1238 1648 xux.
1264 1624 1329 1648 uec
1358 1615 1387 1647 is
1415 1619 1564 1662 tantum,
1593 1615 1655 1648 sed
1685 1615 1847 1648 etqtestis

1135 1666 1228 1698 omni
1251 1666 1459 1708 exceptione
1484 1667 1608 1708 major,
1632 1666 1768 1707 Livius,
1789 1676 1849 1700 cu-

1129 1715 1190 1757 jus
1226 1715 1300 1748 haec
1335 1716 1481 1758 legimus
1518 1716 1680 1759 Epitoma
1716 1725 1849 1750 cxxix.

1135 1766 1146 1783 ‘
1164 1765 1214 1798 M.
1229 1764 1389 1807 Agrippa
1417 1766 1538 1799 navali·
1552 1775 1682 1799 corona
1702 1765 1848 1803 donatos

1135 1821 1209 1848 est:
1246 1816 1306 1860 qui
1320 1816 1426 1848 honos
1442 1816 1570 1848 nemini
1594 1820 1676 1849 ante
1692 1825 1771 1848 eum
1786 1816 1845 1852 ba·

1136 1867 1229 1900 bitus
1258 1866 1357 1899 erat!
1412 1866 1547 1900 Quibus
1575 1871 1690 1899 motus
1719 1867 1849 1907 verbis,

1136 1918 1369 1950 damnaverim
1399 1920 1516 1959 potius
1545 1927 1650 1950 unum
1678 1917 1847 1958 Plinium,

1136 1978 1238 2011 quam
1254 1967 1451 2000 triumviros
1467 1967 1552 2001 istos
1568 1968 1653 2010 alios
1665 1979 1676 2001 ς
1706 1968 1772 2000 etsi
1785 1968 1849 2001 ‘ali-

1138 2023 1193 2052 ter
1211 2019 1319 2051 visum
1341 2019 1413 2051 viro
1438 2018 1598 2060 maximo,
1623 2019 1658 2051 iu
1685 2018 1781 2053 libris
1796 2018 1850 2052 yde

1137 2070 1269 2104 Militia
1297 2071 1462 2112 Romana,
1493 2071 1516 2102 l.
1543 2073 1660 2103 v..14.
1687 2094 1689 2096 f
1715 2071 1850 2104 Gruter.

1142 2123 1213 2158 Quo
1227 2132 1315 2164 nemo
1327 2121 1487 2163 umquam]
1502 2120 1570 2153 Ubi
1582 2120 1752 2162 Agrippae
1769 2129 1850 2153 eon·

1141 2174 1256 2215 tigisse
1277 2173 1367 2205 hunc
1390 2173 1551 2205 honorem
1575 2175 1763 2211 testantur,
1778 2171 1850 2203 Dio

1140 2234 1244 2258 xmx.
1271 2234 1306 2266 p.
1333 2226 1410 2256 457.
1438 2224 1484 2263 τῷ
1513 2221 1669 2264 Ἀγρίππᾳ
1695 2220 1854 2262 στέφανον

1138 2275 1276 2318 χρυσοῦν
1293 2272 1442 2315 ἐμβόλοις
1462 2271 1638 2312 ἠσκημένον
1663 2270 1853 2314 ἐδωρήσατο.

1137 2326 1156 2359 ὃ
1181 2327 1226 2367 μὴ
1241 2325 1404 2369 πρότερον,
1428 2324 1501 2366 μήτ’
1517 2323 1601 2357 αὖθις
1615 2324 1707 2365 ἄλλῳ
1720 2336 1766 2364 τῳ
1781 2322 1852 2364 ἐπ’·

1139 2390 1222 2411 νετο.
1265 2377 1446 2419 Agrippam
1461 2387 1575 2409 corono
1597 2378 1737 2408 rostrata
1758 2385 1854 2408 aurea

1138 2428 1289 2462 donavit.-
1322 2430 1405 2470 quod
1419 2438 1515 2470 neque
1528 2430 1603 2460 onte
1628 2437 1725 2468 aeque
1743 2429 1853 2468 postea

1139 2479 1282 2520 cuiquam
1293 2478 1440 2519 contigit.
1463 2477 1605 2510 ItaLiv.
1618 2477 1855 2522 Ερίῖκὶῌιι.

1139 2529 1276 2561 Plinius
1292 2533 1408 2561 autem
1427 2538 1504 2561 xv1.
1519 2532 1554 2561 4.
1569 2532 1607 2560 et
1621 2537 1690 2560 vu.
1702 2530 1853 2566 &mcum

1141 2581 1192 2613 M.
1216 2581 1385 2620 Varrone,
1421 2580 1478 2611 cui
1513 2580 1523 2597 ‘
1541 2578 1728 2620 Pompeius
1747 2586 1855 2618 coto,-

1141 2641 1218 2663 nam
1248 2631 1406 2663 navalem
1437 2630 1589 2669 dederit,
1621 2623 1856 2673 comulw

1141 2681 1207 2714 hoc
1223 2681 1330 2713 decus
1343 2682 1366 2712 :⁷
1386 2681 1446 2714 eui
1462 2678 1720 2712 assentiendum
1734 2677 1857 2720 qim·-

1141 2735 1199 2764 tur
1215 2731 1374 2773 Lipsius:
1403 2730 1574 2763 Gruterus
1589 2733 1705 2762 autem
1722 2734 1857 2761 cetero-

1142 2792 1218 2815 rum
1249 2781 1495 2814 auetoritatem
1525 2777 1690 2821 praefert„
1720 2778 1795 2810 ,An
1816 2783 1856 2813 at

1142 2834 1273 2865 Seneca
1289 2831 1332 2864 ab
1349 2841 1464 2864 corum
1482 2835 1596 2873 parte,
1610 2829 1666 2863 cui
1682 2828 1724 2862 de
1740 2827 1857 2864 benef.

1992 2033 2008 2400 ἐ

1981 2483 2008 3210 ξ
