2002 3250
353 265 439 312 186
787 279 832 310 c.
864 278 1070 310 vnnLnn
1104 279 1394 312 rarescunt

351 376 449 419 haec
462 386 643 432 semper
662 374 995 432 impugnabat,)
1014 376 1092 419 sed
1105 376 1269 420 morbo
1293 375 1530 433 proditor,·
1548 389 1648 419 cum
1667 376 1831 421 suisset

351 443 634 487 humillimus
654 448 906 487 assentator
935 445 1176 499 reginaefet
1208 444 1324 488 infra
1350 445 1831 498 servos-cliens,·.cum

350 511 538 556 Antonii
569 514 792 565 librariuS,
813 527 915 557 oum
947 514 1389 558 obscoenissimarum
1423 527 1568 557 rerum
1597 517 1643 557 et
1677 518 1831 558 auctor

351 585 396 625 et
426 582 642 634 minister,
663 596 766 625 cum
796 583 843 625 in
877 584 1026 627 omnia
1061 587 1106 626 et
1139 584 1185 626 in
1218 582 1477 627 omnibus4¹³
1514 584 1701 636 venalis,
1727 584 1828 626 cum

351 652 628 694 coeruleatus
650 655 696 695 et
713 652 894 705 nudus,c
911 657 1139 709 caputque
1166 653 1401 697 redimitus
1433 653 1645 696 arundine
1665 657 1709 695 et
1727 665 1832 695 cau-

350 719 453 762 dam
471 720 664 772 trahens,
686 722 870 777 genibus
898 723 1082 766 innixus
1110 722 1332 766 Glaucum
1363 721 1592 765 saltasset*
1612 721 1659 763 in
1679 720 1832 763 convi-

348 789 460 840 νίο,ς
480 789 785 844 refrigeratuse
804 791 862 834 ab
883 790 1115 845 Antonio,⁶
1138 794 1197 835 ob
1217 793 1552 835 manifestarum
1572 791 1832 846 rapinarum

348 856 530 909 indicia,
551 858 784 913 transfugit
800 860 859 902 ad
881 860 1123 904 Caesarem.
1155 860 1232 916 [U.
1268 873 1306 903 c.
1337 860 1440 903 722.
1464 873 1508 903 a.
1539 859 1645 903 chr.
1673 857 1832 911 n.›31.]

351 925 407 967 Et
426 924 543 968 idem
562 925 738 982 postea‘
765 928 1050 972 elementiam
1080 930 1267 972 victoris
1283 957 1287 959 -
1298 942 1381 983 pro
1400 936 1495 970 >sua
1515 929 1677 971 virtute
1696 928 1834 970 inter·

390 1085 407 1101 ⁵
429 1079 493 1112 Sed
517 1080 696 1113 inveterata
722 1081 870 1125 perfidia,
892 1091 962 1114 cum
979 1077 1098 1121 fuisset
1121 1079 1351 1121 abjectissimus
1371 1080 1518 1113 adulator
1541 1079 1676 1123 regim,
1701 1083 1734 1113 et
1758 1080 1831 1123 eius

346 1123 445 1157 cliens
455 1123 607 1169 humilior
618 1134 712 1167 quam
721 1125 815 1160 servi.

967 1203 1047 1217 ‘m

1187 1204 1204 1216 0

347 1269 472 1304 Heius.
498 1271 534 1303 in
548 1272 654 1305 omnia
667 1273 702 1305 in
718 1273 934 1308 munibus-5
958 1274 1015 1308 Ita
1030 1273 1251 1317 interpunxit
1265 1274 1359 1317 Lips.
1396 1272 1461 1307 Ed.
1474 1283 1526 1316 pr.
1538 1274 1697 1316 saltasset,
1710 1274 1746 1306 in
1758 1283 1831 1307 oon·

345 1313 511 1348 vivia—6
524 1315 583 1348 Sic
598 1316 817 1360 distinguunt
827 1318 918 1352 Edd.
930 1319 1100 1362 plurimae.
1125 1318 1306 1352 Ruhnken.
1321 1316 1549 1360 refrigeratus,
1560 1317 1600 1350 ab
1614 1317 1726 1351 A.—⁷
1742 1316 1831 1353 cod.

1010 1436 1159 1472 NOTAE

388 1520 405 1539 ⁸
426 1516 541 1550 Morbo
550 1517 711 1561 proditor]
733 1518 940 1552 Invetcrata
952 1523 990 1552 et
999 1528 1064 1553 usu

345 1567 572 1602 corroborata
586 1570 674 1603 vitia
696 1570 808 1604 morbi
825 1571 930 1604 animi
944 1571 1062 1605 dicun-

345 1623 415 1652 tur.

388 1669 404 1691 ¹²
426 1669 469 1702 In
490 1669 595 1702 omnia
615 1672 646 1703 et
667 1670 704 1703 in
729 1671 888 1714 omnibus]
919 1672 1059 1715 Lipsius

343 1720 445 1764 legit,
465 1721 500 1754 in
525 1722 644 1763 omnia,
660 1726 694 1755 et
708 1723 851 1756 omnibus
872 1725 1005 1766 venalis,
1019 1729 1061 1758 ut

343 1781 465 1804 sensus
480 1771 539 1813 sit,
551 1772 720 1806 Plancum
737 1783 758 1806 a
771 1774 894 1816 quovis
909 1775 953 1808 ad
966 1775 1059 1819 quod

343 1822 473 1855 liberet
488 1823 581 1856 trahi
597 1832 684 1856 auro
699 1824 869 1867 potuisse.

386 1877 401 1895 ε
426 1874 637 1915 coer-ulmus,
652 1877 686 1907 et
700 1876 816 1918 nudus]
837 1875 880 1908 Id
894 1880 963 1919 est,
976 1877 1062 1910 alte-

342 1933 383 1957 ra
398 1928 500 1968 parte
525 1925 678 1958 coeruleo
702 1926 832 1959 amictu
859 1930 988 1970 tectus,
1014 1928 1063 1960 al-

341 1979 421 2008 tera
436 1985 519 2007 vero
534 1975 658 2010 nudus.

386 2025 403 2048 ‘¹
427 2026 584 2059 Glaucum
607 2027 769 2070 saltasset]
791 2028 835 2062 Id
861 2033 928 2071 est,
953 2029 1062 2062 Glau-

342 2087 422 2111 cum
438 2078 598 2111 saltando
617 2080 857 2122 expressisset,
870 2081 1062 2123 retulisset,

340 2130 500 2173 imitatus
517 2135 619 2164 esset.
665 2132 731 2165 Est
744 2132 857 2166 simile
870 2133 952 2177 quid
968 2135 1062 2178 apud

341 2181 530 2216 Horatium
555 2183 630 2218 sat.
651 2183 711 2218 lib.
734 2194 761 2218 1.
783 2189 815 2219 5.
834 2185 909 2219 '‘In
935 2185 1061 2221 faciem

343 2235 520 2277 permulta
537 2235 692 2279 jocatus,
713 2237 897 2271 Pastorem
914 2239 1062 2274 saltaret

339 2285 394 2317 uti
421 2285 590 2329 Cyclopa,
612 2286 786 2330 rogabat!
830 2289 985 2330 Glaucus
1001 2301 1060 2324 au-

342 2340 416 2369 tem
432 2336 530 2370 Deus
545 2338 651 2371 maris
668 2343 734 2372 est.
781 2340 840 2373 De
859 2350 926 2384 quo
941 2340 1060 2375 fabula

340 2387 439 2420 varie
451 2391 626 2422 narratur.
659 2390 879 2425 Piscatorem
893 2393 951 2426 alii
963 2394 1061 2428 aiunt

342 2437 465 2481 fuisse,
484 2439 542 2483 qui
557 2445 681 2483 captos
703 2442 738 2474 in
759 2443 836 2486 ripa
850 2444 965 2487 pisces
979 2455 1059 2479 cum

340 2490 582 2534 explicuisset,
593 2492 745 2535 quadam
760 2494 867 2528 herba
882 2500 1060 2539 contacta,

340 2541 458 2576 subito
473 2543 699 2585 prosilierunt
714 2543 749 2576 iu
761 2543 917 2580 fluvium.
951 2546 1059 2590 Cujus

338 2594 459 2628 herbae
476 2594 545 2628 vim
562 2595 752 2630 admiratus
766 2607 844 2630 cum
858 2599 934 2642 ipse
950 2599 1058 2632 Glau-

341 2656 403 2679 cus
437 2646 672 2690 degustasset,
694 2647 732 2680 in
757 2659 883 2692 aquam
910 2650 1058 2693 insiluit,

338 2698 456 2740 pisces
480 2697 682 2740 insecutus3
706 2702 742 2732 et
757 2705 924 2743 acceptus
939 2705 994 2734 est
1006 2701 1057 2734 in-

339 2751 397 2781 ter
413 2748 517 2781 maris
531 2748 683 2783 numina.
726 2748 798 2783 Alii
816 2760 898 2785 vero
914 2751 1059 2786 tradunt

340 2798 553 2833 minatorem
566 2798 686 2843 fuisse,
695 2800 752 2844 qui
766 2810 843 2834 cum
860 2801 1058 2846 inspectan-

342 2848 435 2881 tibus
450 2850 683 2893 municipibus
706 2853 777 2884 suis
804 2853 932 2895 saepius
948 2854 982 2887 in
997 2853 1059 2887 flu-

342 2898 434 2932 vium
451 2908 487 2932 se
503 2899 705 2945 dejecisset,
724 2902 925 2948 diutiusque
939 2902 1059 2939 subter

1118 1529 1225 1562 aquas
1253 1523 1406 1553 moratus
1444 1529 1583 1562 semper
1610 1519 1834 1561 emersissem

1118 1580 1196 1602 cum
1210 1570 1352 1603 tandem
1378 1569 1507 1603 frustra
1529 1570 1597 1603 illis
1614 1571 1832 1613 expectanti-

1066 1653 1069 1655 .
1116 1619 1182 1652 bus
1197 1629 1266 1653 non
1287 1615 1438 1662 rediret,
1457 1621 1557 1655 Deus
1571 1621 1674 1655 maris
1688 1626 1745 1655 est
1759 1631 1834 1655 cre·

1117 1671 1226 1704 ditus.

1159 1726 1175 1744 θ
1196 1721 1438 1765 Resrigeratus]
1462 1721 1517 1755 An
1541 1726 1596 1756 est
1610 1722 1668 1756 liic
1684 1723 1831 1766 refrige=

1115 1783 1207 1815 rare,
1223 1773 1316 1816 quod
1340 1773 1426 1807 dicit
1452 1774 1612 1815 Plautus,
1641 1775 1652 1793 ‘
1666 1773 1829 1815 frigidam

1117 1824 1318 1858 suffundere
1328 1825 1351 1858 ?'
1397 1825 1505 1859 Certe
1515 1835 1584 1858 non
1597 1825 1659 1858 abs
1672 1834 1710 1858 re
1722 1823 1831 1859 omniz'

1117 1886 1175 1918 no,
1189 1886 1281 1919 eum,
1307 1876 1366 1920 qui
1391 1876 1566 1910 Glaucum
1590 1880 1726 1919 ageret,
1740 1886 1831 1920 aqua

1111 1928 1198 1972 joco
1213 1927 1363 1970 aspergi.
1378 1935 1380 1937 ’
1395 1926 1508 1970 Atqui
1521 1927 1596 1960 haec
1611 1931 1666 1960 est
1680 1924 1832 1962 Acidalii

1117 1979 1388 2022 interpretatio;
1418 1978 1594 2022 ingeniosa
1619 1977 1773 2022 quidem,
1794 1977 1831 2013 at

1116 2031 1258 2064 minime
1284 2040 1381 2063 vera.
1426 2030 1595 2072 Lipsiana
1623 2031 1738 2063 verior
1766 2035 1830 2064 est.

1115 2082 1339 2125 significatur
1353 2081 1548 2124 intepuisse
1564 2081 1711 2123 gratiam
1722 2082 1829 2115 Plan-

1116 2134 1150 2167 ci
1166 2134 1258 2177 apud
1274 2133 1476 2175 Antonium,
1489 2136 1636 2176 propter
1647 2131 1830 2166 manifesta

1113 2184 1206 2218 illius
1215 2184 1421 2227 vrapinarum
1432 2183 1574 2217 indicia.
1605 2182 1710 2216 Hunc
1724 2193 1830 2226 porro

1115 2240 1273 2280 teporem
1309 2234 1450 2268 memini
1485 2234 1602 2268 vocari
1638 2234 1748 2277 frigus
1785 2235 1830 2269 ab

1115 2288 1264 2321 Horatio
1289 2291 1326 2320 et
1352 2297 1373 2320 a
1398 2287 1543 2320 Seneca.
1597 2285 1656 2319 Ab
1681 2286 1830 2320 Horatio

1114 2338 1256 2382 quidem
1273 2339 1346 2372 Sat.
1360 2338 1420 2372 lib.
1436 2348 1478 2372 11.
1495 2341 1526 2371 1.
1551 2347 1749 2382 quanquam
1764 2339 1830 2372 eti-

1115 2400 1171 2423 am
1197 2389 1232 2422 id
1259 2389 1373 2432 accipi
1395 2399 1460 2431 pro
1489 2392 1590 2423 morte
1602 2399 1707 2432 posse
1732 2391 1827 2424 scio:

1116 2443 1128 2461 ‘
1140 2442 1309 2484 majorum
1323 2451 1366 2474 ne
1381 2441 1458 2485 quis
1474 2441 1605 2474 amicus
1623 2442 1768 2485 Frigore
1792 2446 1829 2477 te

1114 2493 1245 2527 feriat!
1291 2493 1326 2527 A
1340 2493 1475 2526 Seneca
1490 2503 1575 2526 vero
1590 2493 1703 2527 adhuc
1718 2494 1827 2536 magis

1114 2545 1159 2578 ad
1169 2545 1295 2578 Velleii
1306 2550 1458 2579 mentem
1470 2546 1583 2589 Epist.
1595 2554 1728 2580 cxxm.
1737 2546 1749 2565 ⁴
1757 2546 1828 2579 Vo-

1113 2597 1229 2630 tienus
1250 2598 1451 2637 Montanus,
1470 2603 1507 2631 et
1531 2598 1684 2632 amicitia
1697 2598 1828 2633 Tiberii

1112 2652 1215 2681 notus
1231 2651 1269 2680 et
1284 2647 1442 2691 frigore.’

1164 2696 1237 2730 ‘Et
1258 2698 1343 2731 idem
1363 2698 1491 2741 postea]
1521 2698 1650 2732 Sensus
1676 2703 1754 2733 est:
1779 2700 1827 2733 Et

1112 2749 1205 2783 idem
1222 2755 1346 2793 postea
1361 2750 1514 2783 Plancus
1526 2750 1620 2784 laudi
1632 2751 1698 2784 sibi
1713 2755 1827 2785 verte-

1112 2803 1175 2835 bat
1192 2802 1346 2835 victoris
1374 2803 1606 2844 clementiam,
1628 2803 1727 2846 quasi
1757 2803 1827 2836 cle-

1112 2857 1247 2885 menter
1272 2858 1315 2887 ret
1345 2853 1494 2895 benigne
1521 2853 1565 2886 ab
1590 2850 1651 2886 ino
1677 2855 1825 2898 propter

1112 2914 1210 2937 suam
1227 2904 1390 2938 virtutem
1407 2903 1727 2947 exceptus’fuisset.

1994 3183 2002 3250 3—-
