2008 3210
381 220 469 265 362

380 327 442 368 lio,
453 326 596 369 quoique.
618 325 779 360 Vossius.

426 377 500 410 Hoc
533 377 696 410 consilium
731 379 879 420 sequendi
913 379 1095 421 Pompeius,

380 429 454 471 ξω]
488 428 619 461 Fatalis
633 428 685 461 rei
700 428 864 462 Romauae
881 428 1094 473 Oligarchia,

382 481 479 522 cujus
506 478 653 512 ὑπόθεσιν
681 480 820 522 egregia
848 480 1094 515 observatione

382 531 528 574 politica
554 532 612 564 hic
637 531 804 572 explanat
826 531 968 571 Noster,
983 532 1094 575 quiet

382 582 467 614 alias
492 582 529 614 in
554 581 694 623 talibus,
719 592 823 624 quam
849 582 895 615 sit
920 583 1092 616 studiosus

381 634 580 676 χαρακτῆρος
604 630 781 675 πολιτικοῦ,
808 633 973 667 ostendit.
1029 635 1094 667 Est

382 689 510 726 autem,
521 684 556 716 iu
572 684 719 717 diversis
728 684 1002 718 Triumvirorum
1014 694 1094 718 cou-

382 735 478 776 siliis,
493 745 599 768 unum
614 739 652 768 et
667 735 765 778 quasi
788 736 951 778 generale
967 745 1093 778 propo-

382 786 507 826 situm;
548 795 617 830 quo
642 796 732 819 suam
765 787 895 828 quisque
920 788 1094 828 potentiam

382 835 568 878 spectabat
579 836 842 879 quaerebatque.
865 837 1000 878 Maj0re
1013 846 1092 869 cum

380 886 522 929 fiducia,
534 886 745 929 Pompeius3
778 887 912 928 majore
926 896 1005 919 cum
1023 886 1093 919 cal-

379 938 532 978 liditate,
558 938 700 978 Caesar3
736 937 868 978 majore
891 947 971 970 cum
998 938 1093 970 vani-

381 993 470 1030 tate,
495 989 651 1022 Crassus.
697 988 826 1030 Caesar‚
849 992 890 1020 ut
915 989 960 1021 ad
987 989 1093 1022 desti-

380 1043 462 1071 nata
477 1039 691 1081 perveniret,
713 1039 818 1071 etiam
835 1039 1040 1082 Pompeium
1056 1044 1094 1072 et

380 1091 540 1125 Crassum
550 1090 585 1123 iu
596 1090 784 1124 amicitiam
795 1090 1095 1134 reduxerat‚quod

381 1142 592 1175 Plutarchus
614 1146 721 1175 vocat
748 1143 880 1184 πρᾶγμα
909 1142 1011 1175 καλὸν
1035 1142 1095 1184 μὲν

380 1193 493 1226 ἄλλοις
505 1193 558 1226 καὶ
571 1193 749 1234 πολιτικὸν,
764 1193 848 1237 αἰτίᾳ
856 1193 897 1226 ,δὲ
911 1193 1030 1238 φαύλῃ,
1042 1194 1096 1227 καὶ

379 1244 461 1284 μετὰ
471 1243 661 1287 δεινότητος,
675 1245 727 1276 ὑπ’
741 1244 858 1278 ἐκείνου
868 1245 1016 1279 συντεθὲν
1029 1247 1095 1278 ἑπι-

380 1293 521 1331 βούλωςε
535 1296 724 1336 praeclarum
738 1295 951 1335 aliasfactum
961 1299 993 1329 et
1007 1297 1095 1329 civili

377 1346 549 1387 prudentia
563 1345 708 1388 dignum,
725 1347 780 1378 sed
806 1348 919 1380 callide
939 1357 1095 1390 pravoque

379 1396 507 1428 consilio
521 1396 561 1428 ab
575 1397 643 1438 ipso
653 1399 831 1431 «structum.
874 1397 1038 1440 Nempe,
1053 1403 1093 1432 ut

381 1446 510 1480 auxilio
525 1447 706 1490 utriusque
730 1457 772 1480 eo
799 1447 987 1491 proficeret
1003 1450 1093 1482 inte-

381 1500 458 1542 rim,
491 1500 582 1533 unde
612 1501 760 1533 alterum
790 1502 933 1534 alterius
963 1503 1092 1536 auxilio

380 1557 502 1593 postea
516 1560 718 1593 oppugnare
737 1545 779 1584 ac
806 1552 1002 1594 deprimere
1017 1563 1093 1596 pos-

379 1606 446 1643 set,
470 1602 626 1643 relegata
651 1602 794 1635 interim
817 1604 1006 1636 communis
1032 1615 1092 1646 po-

379 1652 501 1685 tentiae
528 1651 657 1685 invidia
681 1653 716 1685 in
744 1653 866 1694 socios,
893 1654 984 1696 quod
1010 1654 1093 1688 Vel-

379 1704 467 1736 leius
485 1708 598 1737 notat.
644 1705 738 1746 Lege
754 1704 904 1738 Diouem
930 1714 1092 1744 xxxvn..

380 1754 439 1786 ubi
461 1759 499 1787 et
514 1758 710 1788 ceterorum
735 1757 952 1798 propositum
975 1762 1092 1790 osten-

380 1804 486 1838 ditur.
531 1805 652 1839 Florus
666 1806 815 1839 rotunde
828 1816 880 1839 1v.
896 1810 928 1841 2.
945 1810 997 1840 11.
1012 1808 1022 1826 ‘
1034 1807 1093 1840 Sic

379 1855 483 1897 igitur
499 1856 638 1889 Caesare
652 1855 859 1898 dignitatem
875 1867 1091 1900 comparare,

379 1907 504 1939 Crasso
520 1917 662 1949 augere,
678 1907 845 1949 Pompeio
860 1909 1010 1941 retinere
1036 1918 1094 1941 cu-

379 1958 569 2000 pientibus,
593 1958 637 1992 de
662 1958 859 1991 invadenda
883 1960 973 2002 Rep.
988 1959 1093 1992 facile

379 2008 569 2042 convenit!
625 2009 736 2042 Recte
762 2011 802 2042 de
825 2011 1002 2043 invadenda
1024 2020 1093 2052 rep.

379 2060 441 2093 ait.
486 2060 577 2093 Haec
593 2060 685 2092 enim
697 2063 736 2092 ut
746 2059 947 2104 spolium'xet
961 2069 1094 2093 merces

378 2110 456 2152 ipsa
470 2110 522 2143 sui
541 2110 730 2153 petebatur
744 2110 809 2144 hae
822 2111 1095 2154 conspiratione,

380 2172 402 2194 a
417 2170 486 2204 qua
510 2166 700 2204 propterea
715 2162 804 2195 Cato
826 2162 1001 2195 libertatis
1015 2172 1094 2205 per-

380 2211 510 2245 niciem
559 2211 694 2245 solebat
730 2217 918 2255 repetere:
975 2218 1094 2256 atque,

380 2271 459 2295 cum
474 2262 531 2296 alii
547 2262 756 2296 discordiam
782 2268 906 2306 postea
931 2264 1094 2307 Pompeii

380 2318 417 2346 et
431 2313 578 2347 Caesaris
591 2313 832 2347 existimarent
846 2315 933 2357 reip.
946 2315 1092 2348 exitium

380 2364 553 2405 attulisse,
580 2364 641 2396 ille
678 2366 937 2399 consensionem
972 2376 1092 2399 eorum

380 2414 499 2448 fatalis
536 2415 619 2448 mali
664 2424 821 2450 caussam
867 2418 1091 2461 suggerebat.

380 2467 560 2508 Boeclems.

423 2516 576 2561 Affinitas
589 2518 698 2560 etiam,
717 2518 787 2561 ξω]
829 2518 840 2538 ‘
855 2517 1038 2552 Affinitate
1055 2523 1093 2554 et

379 2567 511 2610 nuptiis
533 2567 675 2610 ludere;
709 2574 812 2611 prout
837 2571 1005 2612 potentiae
1032 2581 1094 2614 pa·

379 2617 496 2651 raudoe
509 2619 663 2652 consiliis
675 2619 853 2661 conducit,
862 2620 954 2653 inter
965 2631 1094 2654 arcana

379 2669 520 2710 habent,
537 2670 733 2713 quicunque
757 2670 974 2704 dominatum
997 2672 1093 2705 moli-

381 2719 511 2752 untur?
555 2720 613 2753 Ita
628 2720 707 2762 hic,
723 2720 800 2763 jam
823 2721 883 2754 alii
903 2721 1093 2766 (Caepioni)

380 2774 487 2811 pacta
504 2770 651 2804 Caesaris
664 2770 749 2813 tilia,
759 2772 795 2804 in
806 2772 967 2815 Pompeii
982 2778 1092 2806 traus-

380 2819 495 2855 fertur
508 2823 782 2863 matrimonium:
806 2833 922 2864 rursus
933 2824 1090 2868 Pompeii

686 231 830 263 NOTAE
864 230 1134 264 VARIORUM
1169 231 1221 263 1N
1256 231 1542 264 PATERcUm

1142 326 1226 369 filia,
1241 329 1368 361 Fausto
1382 328 1490 370 Syllae
1513 326 1586 360 tilio
1611 326 1796 369 desponsa,
1817 328 1852 361 iu

1143 388 1280 412 manum
1295 379 1467 421 Caepionis
1489 378 1636 420 jubetur
1657 378 1854 412 convenire.

1144 429 1222 464 Quo
1245 429 1432 462 tenderent
1455 439 1498 462 ea
1511 428 1667 471 consilia,
1681 431 1780 462 notat
1795 429 1852 463 ci.

1142 489 1225 513 cero
1255 479 1300 512 ad
1332 479 1490 513 Atticum
1527 479 1682 512 scribens
1718 488 1761 512 u.
1797 482 1852 513 17.

1142 531 1153 549 ‘
1167 530 1302 564 Turbat
1317 531 1350 564 vi
1364 530 1657 573 Sampsiceranus’
1673 529 1853 573 (Pompei-

1142 591 1199 615 um
1214 581 1399 624 intelligit)
1420 583 1430 600 ‘
1446 582 1534 614 nihil
1546 586 1599 614 est
1613 581 1705 624 quod
1725 591 1794 614 non
1809 582 1852 614 ti·

1142 632 1304 668 mendum
1322 633 1391 665 sit:
1419 630 1676 673 ὁμολογουμένως
1689 630 1854 675 τυραννίδα

1142 681 1396 724 συσκευαζέτᾰιε
1430 683 1515 726 quid
1529 683 1620 716 enim
1634 683 1708 716 ista
1729 692 1854 730 repen·

1142 733 1215 766 tina
1237 733 1414 766 affinitatis
1429 733 1628 776 conjunctio
1639 733 1663 766 ?'
1707 732 1855 767 Viderat

1142 784 1177 816 in
1191 784 1316 817 talibus
1331 784 1558 817 affinitatibus
1574 784 1650 826 jam
1661 789 1765 818 antea
1780 784 1853 818 ὑπό-

1142 837 1229 867 θεσιν
1254 835 1439 878 τυραννικὴν
1459 836 1561 877 Cato‚
1582 845 1662 868 cum
1686 835 1859 878 Pompeio⁸

1142 884 1283 928 fineque
1306 887 1382 928 ejus
1405 890 1530 928 neptes
1554 896 1598 918 ex
1621 886 1729 926 fratre
1745 892 1783 920 et
1802 896 1856 920 so.-

1144 945 1222 970 rore
1234 936 1447 978 denegaret:
1477 946 1520 969 eo
1535 936 1626 980 quod
1641 937 1856 971 animadver-

1145 990 1247 1028 teret,
1275 997 1369 1021 suam
1396 997 1534 1031 quoque
1564 987 1608 1021 ad
1635 987 1855 1030 provehenda

1144 1039 1301 1072 incivilia
1329 1044 1447 1082 coepta
1481 1040 1694 1073 voluntatem
1731 1040 1855 1083 quaeri.

1146 1090 1247 1123 Hanc
1264 1091 1377 1133 ipsam
1393 1100 1530 1134 quoque
1549 1090 1723 1125 vafritiem
1747 1091 1855 1134 impa-

1145 1141 1226 1174 vide
1241 1142 1410 1184 coarguit,
1420 1141 1513 1185 apud
1530 1142 1705 1175 Plutarch.
1716 1142 1751 1175 in
1762 1142 1854 1176 (ἕως.

1145 1202 1180 1235 p.
1197 1196 1274 1227 714.
1289 1199 1325 1227 et
1341 1193 1491 1236 Appian.
1506 1194 1596 1227 Bell.
1613 1194 1688 1227 Civ.
1704 1203 1747 1227 11.
1763 1194 1855 1227 voci·

1147 1243 1278 1277 feratus
1293 1256 1303 1277 z
1327 1243 1651 1287 διαμαστρωπεύεσθαι
1669 1243 1783 1285 ’γάμοις
1795 1244 1855 1283 τὴν

1143 1295 1325 1336 ἡγεμονίαν.
1350 1297 1450 1330 Idem.

1192 1349 1302 1380 Caesar
1315 1348 1416 1388 legem
1429 1347 1520 1389 tulit]
1535 1347 1634 1388 Legis
1645 1346 1759 1388 dulia,
1769 1347 1856 1388 sive,

1144 1402 1185 1431 ut
1215 1398 1352 1441 Cicero,
1381 1402 1421 1431 ut
1448 1398 1644 1438 Suetonius,
1671 1398 1855 1439 Campana,

1145 1450 1215 1483 duo
1242 1451 1326 1483 mihi
1357 1460 1435 1483 cum
1469 1450 1582 1484 doctis
1616 1449 1697 1483 viris
1724 1450 1855 1492 capita.

1144 1503 1281 1543 Unum3
1317 1512 1384 1546 quo
1405 1507 1556 1544 cautum,
1570 1505 1610 1535 ut
1634 1511 1718 1544 ager
1743 1502 1855 1544 publi·

1144 1562 1204 1585 cus
1229 1553 1272 1586 ad
1299 1553 1452 1586 subsidia
1477 1553 1579 1594 Reip.
1600 1552 1784 1594 vectigalis
1803 1561 1856 1586 re·

1143 1604 1248 1636 lictus
1274 1603 1502 1636 divideretur.
1548 1602 1672 1636 Cicero
1695 1602 1740 1635 ad
1761 1601 1855 1636 Atu-

1143 1664 1223 1687 cum
1246 1654 1271 1688 1.
1288 1663 1328 1688 11.
1354 1654 1468 1696 Epist.
1492 1657 1546 1687 16.
1600 1654 1783 1694 Alterum3
1814 1657 1855 1686 ut

1145 1715 1230 1748 ager
1244 1716 1264 1738 a
1280 1705 1424 1748 privatis
1447 1705 1483 1737 in
1508 1705 1698 1747 Campania
1723 1713 1855 1747 posses-

1145 1767 1213 1798 sus,
1239 1757 1414 1789 redemtus
1438 1756 1581 1798 publica
1605 1756 1767 1798 pecunia,
1785 1756 1854 1790 dis-

1143 1806 1357 1840 tribueretur
1369 1806 1496 1848 plebei.
1524 1806 1689 1840 Publicus
1698 1807 1764 1840 hac
1775 1807 1855 1849 lege

1146 1866 1245 1890 xxm.
1269 1857 1407 1898 civium,
1430 1858 1552 1900 quibus
1580 1857 1669 1890 terni
1693 1859 1854 1900 pluresve

1143 1908 1244 1941 liberi
1259 1913 1361 1942 extra
1376 1914 1506 1941 sortem
1516 1909 1645 1942 divisus
1657 1913 1725 1943 est.
1758 1910 1855 1943 Suet.

1144 1969 1220 2000 cap.
1235 1962 1289 1992 20.
1323 1960 1394 1992 1)ἰο
1409 1959 1469 1992 lib.
1483 1968 1648 1993 xxxvnr.
1664 1959 1856 2002 Appianas.

1145 2010 1310 2043 Privatus
1318 2010 1715 2053 numquam,Ciceropro
1726 2012 1854 2045 Domo.

1143 2061 1203 2094 De
1219 2064 1367 2104 utroque
1382 2061 1498 2103 eapite
1512 2061 1619 2103 idem,
1630 2062 1788 2104 Epistola
1799 2065 1854 2097 17.

1145 2112 1300 2155 ejusdem
1315 2112 1416 2145 libri:
1450 2113 1460 2130 ‘
1478 2112 1573 2147 Quid
1588 2113 1658 2146 ista
1672 2113 1856 2156 repentina

1146 2162 1338 2197 adfinitatis
1371 2163 1596 2205 conjunctio?
1651 2164 1734 2207 quid
1770 2173 1855 2206 ager

1145 2214 1368 2256 Campanus?
1411 2213 1496 2256 quid
1533 2212 1656 2247 effusio
1693 2215 1852 2256 pecuuiae

1143 2265 1341 2308 significant
1350 2264 1375 2297 2’
1405 2265 1475 2297 Dio
1499 2268 1615 2298 tamen
1638 2266 1770 2307 turbat,
1794 2265 1855 2299 im-

1142 2325 1262 2348 mense
1275 2315 1402 2357 ipsum,
1414 2315 1450 2347 in
1464 2315 1633 2358 principio
1647 2316 1671 2348 l.
1687 2324 1854 2351 xxxvnr.

1142 2367 1152 2385 ‘
1164 2366 1314 2399 Omnem
1329 2367 1518 2409 regionem,
1527 2377 1606 2409 quae
1619 2367 1758 2409 publica
1772 2378 1853 2411 pop.

1143 2417 1244 2449 Rom.
1269 2421 1360 2457 erat,
1387 2422 1538 2459 excepto
1567 2418 1854 2461 agrocampauo,

1144 2476 1246 2509 quem
1272 2467 1375 2510 Reip.
1402 2468 1448 2500 ob
1473 2469 1714 2510 praestantiam
1736 2479 1853 2503 exem÷

1143 2521 1217 2550 tum
1243 2518 1379 2550 censuit
1403 2518 1679 2561 relinquendum,
1699 2519 1818 2553 divisit
1829 2519 1853 2554 ε’

1143 2572 1181 2600 et
1196 2568 1333 2600 statim:
1370 2569 1381 2587 ‘
1397 2569 1457 2602 Sic
1471 2570 1613 2603 tandem
1635 2580 1678 2603 ea
1699 2571 1757 2603 lex
1773 2580 1852 2613 per-

1142 2619 1216 2652 lata
1229 2625 1306 2660 est3
1339 2624 1579 2663 praetereaque
1603 2620 1797 2663 decretum,
1812 2627 1853 2654 ut

1141 2679 1226 2712 ager
1234 2670 1449 2713 «Campanus,
1457 2671 1509 2704 his
1520 2671 1579 2713 qui
1591 2675 1708 2704 ternos
1723 2672 1853 2713 plures-

1144 2730 1186 2753 ve
1223 2721 1348 2754 liberos
1396 2721 1563 2754 haberent
1609 2721 1850 2757 divideretur:

1142 2771 1235 2805 Quid
1261 2771 1583 2813 pronunciandum?
1627 2772 1774 2806 Dionem
1799 2774 1849 2806 le-

1142 2833 1218 2865 gem
1237 2823 1413 2869 Agl-ariam
1427 2833 1494 2856 non
1508 2824 1716 2867 percepisse,
1726 2835 1768 2858 an
1781 2835 1849 2861 nou
