<?xml version="1.0" encoding="UTF-8"?>
<!DOCTYPE html PUBLIC "-//W3C//DTD XHTML 1.0 Transitional//EN"
    "http://www.w3.org/TR/xhtml1/DTD/xhtml1-transitional.dtd">
<html xmlns="http://www.w3.org/1999/xhtml" xml:lang="en" lang="en">
 <head>
  <title>
</title>
<meta http-equiv="Content-Type" content="text/html;charset=utf-8" />
  <meta name='ocr-system' content='tesseract 3.04.00' />
  <meta name='ocr-capabilities' content='ocr_page ocr_carea ocr_par ocr_line ocrx_word'/>
</head>
<body>
  <div class='ocr_page' id='page_1' title='image "./historiaromanaex00velluoft_0526.png"; bbox 0 0 2008 3210; ppageno 0'>
   <div class='ocr_carea' id='block_1_1' title="bbox 927 259 1090 291">
    <p class='ocr_par' dir='ltr' id='par_1_1' title="bbox 927 259 1090 291">
     <span class='ocr_line' id='line_1_1' title="bbox 927 259 1090 291; baseline 0.018 -3"><span class='ocrx_word' id='word_1_1' title='bbox 927 259 1090 291; x_wconf 77' lang='lat' dir='ltr'>INDEX</span> 
     </span>
    </p>
   </div>
   <div class='ocr_carea' id='block_1_2' title="bbox 384 355 1098 2644">
    <p class='ocr_par' dir='ltr' id='par_1_2' title="bbox 423 355 1093 1472">
     <span class='ocr_line' id='line_1_2' title="bbox 424 355 1090 397; baseline 0.002 -10"><span class='ocrx_word' id='word_1_2' title='bbox 424 357 515 387; x_wconf 72' lang='lat' dir='ltr'><strong>matis</strong></span> <span class='ocrx_word' id='word_1_3' title='bbox 531 356 699 397; x_wconf 78' lang='lat' dir='ltr'><strong>triumphat</strong></span> <span class='ocrx_word' id='word_1_4' title='bbox 727 355 760 392; x_wconf 90' lang='lat' dir='ltr'><strong>ii,</strong></span> <span class='ocrx_word' id='word_1_5' title='bbox 779 357 840 388; x_wconf 83' lang='lat'><strong>121</strong></span> <span class='ocrx_word' id='word_1_6' title='bbox 864 355 960 387; x_wconf 85' lang='lat' dir='ltr'><strong>tribus</strong></span> <span class='ocrx_word' id='word_1_7' title='bbox 982 356 1090 388; x_wconf 86' lang='lat' dir='ltr'><strong>trium-</strong></span> 
     </span>
     <span class='ocr_line' id='line_1_3' title="bbox 424 399 1090 441; baseline 0.002 -11"><span class='ocrx_word' id='word_1_8' title='bbox 424 401 506 440; x_wconf 80' lang='lat' dir='ltr'><strong>phis,</strong></span> <span class='ocrx_word' id='word_1_9' title='bbox 518 410 574 441; x_wconf 86' lang='lat' dir='ltr'><strong>pro</strong></span> <span class='ocrx_word' id='word_1_10' title='bbox 585 404 704 440; x_wconf 84' lang='lat' dir='ltr'>septem</span> <span class='ocrx_word' id='word_1_11' title='bbox 713 399 840 436; x_wconf 88' lang='lat' dir='ltr'><strong>meritis,</strong></span> <span class='ocrx_word' id='word_1_12' title='bbox 853 404 1018 430; x_wconf 84' lang='lat' dir='ltr'><strong>contentus</strong></span> <span class='ocrx_word' id='word_1_13' title='bbox 1030 400 1090 431; x_wconf 81' lang='lat' dir='ltr'><strong>suit</strong></span> 
     </span>
     <span class='ocr_line' id='line_1_4' title="bbox 423 441 1090 484; baseline 0 -11"><span class='ocrx_word' id='word_1_14' title='bbox 423 443 526 480; x_wconf 77' lang='lat' dir='ltr'><strong>ii,122</strong></span> <span class='ocrx_word' id='word_1_15' title='bbox 542 442 611 484; x_wconf 87' lang='lat' dir='ltr'><strong>ejus</strong></span> <span class='ocrx_word' id='word_1_16' title='bbox 625 441 828 483; x_wconf 75' lang='lat' dir='ltr'><strong>temperantia</strong></span> <span class='ocrx_word' id='word_1_17' title='bbox 838 442 1001 479; x_wconf 84' lang='lat' dir='ltr'><strong>honorum,</strong></span> <span class='ocrx_word' id='word_1_18' title='bbox 1014 443 1090 473; x_wconf 90' lang='lat' dir='ltr'><strong>ibid.</strong></span> 
     </span>
     <span class='ocr_line' id='line_1_5' title="bbox 424 485 1090 528; baseline -0.002 -12"><span class='ocrx_word' id='word_1_19' title='bbox 424 486 457 516; x_wconf 87' lang='lat' dir='ltr'><strong>in</strong></span> <span class='ocrx_word' id='word_1_20' title='bbox 482 485 645 528; x_wconf 85' lang='lat' dir='ltr'><strong>Illyricum</strong></span> <span class='ocrx_word' id='word_1_21' title='bbox 669 485 851 516; x_wconf 84' lang='lat' dir='ltr'><strong>firmandum</strong></span> <span class='ocrx_word' id='word_1_22' title='bbox 877 485 1001 515; x_wconf 88' lang='lat' dir='ltr'><strong>missum</strong></span> <span class='ocrx_word' id='word_1_23' title='bbox 1022 487 1090 516; x_wconf 84' lang='lat' dir='ltr'><strong>Au-</strong></span> 
     </span>
     <span class='ocr_line' id='line_1_6' title="bbox 425 528 1091 570; baseline -0.002 -10"><span class='ocrx_word' id='word_1_24' title='bbox 425 534 534 569; x_wconf 79' lang='lat' dir='ltr'><strong>gustus</strong></span> <span class='ocrx_word' id='word_1_25' title='bbox 550 528 745 570; x_wconf 81' lang='lat' dir='ltr'><strong>prosequitur</strong></span> <span class='ocrx_word' id='word_1_26' title='bbox 775 528 810 564; x_wconf 90' lang='lat' dir='ltr'><strong>ii,</strong></span> <span class='ocrx_word' id='word_1_27' title='bbox 835 531 895 560; x_wconf 77' lang='grc'><strong>123</strong></span> <span class='ocrx_word' id='word_1_28' title='bbox 929 533 1091 560; x_wconf 85' lang='lat' dir='ltr'><strong>revocatus</strong></span> 
     </span>
     <span class='ocr_line' id='line_1_7' title="bbox 425 572 1092 614; baseline -0.001 -11"><span class='ocrx_word' id='word_1_29' title='bbox 425 572 561 614; x_wconf 81' lang='lat' dir='ltr'><strong>Augusti</strong></span> <span class='ocrx_word' id='word_1_30' title='bbox 595 572 751 602; x_wconf 85' lang='lat' dir='ltr'><strong>morientis</strong></span> <span class='ocrx_word' id='word_1_31' title='bbox 788 572 935 602; x_wconf 84' lang='lat' dir='ltr'><strong>mandata</strong></span> <span class='ocrx_word' id='word_1_32' title='bbox 963 572 1092 613; x_wconf 85' lang='lat' dir='ltr'><strong>accipit,</strong></span> 
     </span>
     <span class='ocr_line' id='line_1_8' title="bbox 423 614 1090 657; baseline -0.001 -11"><span class='ocrx_word' id='word_1_33' title='bbox 423 616 501 647; x_wconf 82' lang='lat' dir='ltr'><strong>ibid.</strong></span> <span class='ocrx_word' id='word_1_34' title='bbox 533 616 696 657; x_wconf 89' lang='lat' dir='ltr'><strong>imperium</strong></span> <span class='ocrx_word' id='word_1_35' title='bbox 722 620 845 645; x_wconf 87' lang='lat' dir='ltr'><strong>recusat</strong></span> <span class='ocrx_word' id='word_1_36' title='bbox 869 614 902 651; x_wconf 90' lang='lat' dir='ltr'><strong>ii,</strong></span> <span class='ocrx_word' id='word_1_37' title='bbox 931 617 992 647; x_wconf 81' lang='lat'><strong>124</strong></span> <span class='ocrx_word' id='word_1_38' title='bbox 1023 615 1090 645; x_wconf 89' lang='lat' dir='ltr'><strong>Au-</strong></span> 
     </span>
     <span class='ocr_line' id='line_1_9' title="bbox 423 658 1091 700; baseline -0.003 -10"><span class='ocrx_word' id='word_1_39' title='bbox 423 663 548 700; x_wconf 85' lang='lat' dir='ltr'><strong>gustum</strong></span> <span class='ocrx_word' id='word_1_40' title='bbox 580 662 743 689; x_wconf 86' lang='lat' dir='ltr'><strong>consecrat</strong></span> <span class='ocrx_word' id='word_1_41' title='bbox 756 658 790 694; x_wconf 93' lang='lat' dir='ltr'><strong>ii,</strong></span> <span class='ocrx_word' id='word_1_42' title='bbox 809 660 882 689; x_wconf 85' lang='grc'>124.</span> <span class='ocrx_word' id='word_1_43' title='bbox 902 661 963 690; x_wconf 87' lang='grc'><strong>126</strong></span> <span class='ocrx_word' id='word_1_44' title='bbox 994 658 1091 688; x_wconf 87' lang='lat' dir='ltr'><strong>comi-</strong></span> 
     </span>
     <span class='ocr_line' id='line_1_10' title="bbox 426 700 1090 742; baseline -0.003 -9"><span class='ocrx_word' id='word_1_45' title='bbox 426 703 470 733; x_wconf 83' lang='lat' dir='ltr'><strong>tia</strong></span> <span class='ocrx_word' id='word_1_46' title='bbox 491 702 614 733; x_wconf 89' lang='lat' dir='ltr'><strong>ordinat</strong></span> <span class='ocrx_word' id='word_1_47' title='bbox 635 701 669 739; x_wconf 90' lang='lat' dir='ltr'><strong>ii,</strong></span> <span class='ocrx_word' id='word_1_48' title='bbox 693 704 755 734; x_wconf 87' lang='grc'><strong>124</strong></span> <span class='ocrx_word' id='word_1_49' title='bbox 789 700 942 732; x_wconf 89' lang='lat' dir='ltr'><strong>Velleium</strong></span> <span class='ocrx_word' id='word_1_50' title='bbox 955 701 994 731; x_wconf 89' lang='lat' dir='ltr'><strong>ad</strong></span> <span class='ocrx_word' id='word_1_51' title='bbox 1013 711 1090 742; x_wconf 83' lang='lat' dir='ltr'><strong>prae-</strong></span> 
     </span>
     <span class='ocr_line' id='line_1_11' title="bbox 425 744 1091 785; baseline -0.002 -9"><span class='ocrx_word' id='word_1_52' title='bbox 425 751 524 776; x_wconf 85' lang='lat' dir='ltr'><strong>turam</strong></span> <span class='ocrx_word' id='word_1_53' title='bbox 539 745 748 781; x_wconf 83' lang='lat' dir='ltr'><strong>commendat,</strong></span> <span class='ocrx_word' id='word_1_54' title='bbox 770 744 846 774; x_wconf 84' lang='lat' dir='ltr'><strong>ibid.</strong></span> <span class='ocrx_word' id='word_1_55' title='bbox 870 744 1027 785; x_wconf 85' lang='lat' dir='ltr'><strong>legionum</strong></span> <span class='ocrx_word' id='word_1_56' title='bbox 1043 755 1091 775; x_wconf 82' lang='lat' dir='ltr'><strong>se-</strong></span> 
     </span>
     <span class='ocr_line' id='line_1_12' title="bbox 426 786 1091 829; baseline -0.002 -10"><span class='ocrx_word' id='word_1_57' title='bbox 426 788 562 820; x_wconf 84' lang='lat' dir='ltr'><strong>ditiones</strong></span> <span class='ocrx_word' id='word_1_58' title='bbox 586 799 642 829; x_wconf 87' lang='lat' dir='ltr'><strong>per</strong></span> <span class='ocrx_word' id='word_1_59' title='bbox 666 787 887 819; x_wconf 87' lang='lat' dir='ltr'><strong>Germanicum</strong></span> <span class='ocrx_word' id='word_1_60' title='bbox 906 793 938 817; x_wconf 89' lang='lat' dir='ltr'><strong>et</strong></span> <span class='ocrx_word' id='word_1_61' title='bbox 954 786 1091 818; x_wconf 77' lang='lat' dir='ltr'><strong>Drusum</strong></span> 
     </span>
     <span class='ocr_line' id='line_1_13' title="bbox 425 830 1091 872; baseline -0.002 -11"><span class='ocrx_word' id='word_1_62' title='bbox 425 831 470 862; x_wconf 89' lang='lat' dir='ltr'><strong>fil.</strong></span> <span class='ocrx_word' id='word_1_63' title='bbox 496 831 672 872; x_wconf 87' lang='lat' dir='ltr'><strong>comprimit</strong></span> <span class='ocrx_word' id='word_1_64' title='bbox 695 830 729 867; x_wconf 84' lang='lat' dir='ltr'><strong>ii,</strong></span> <span class='ocrx_word' id='word_1_65' title='bbox 753 833 813 862; x_wconf 86' lang='lat'><strong>125</strong></span> <span class='ocrx_word' id='word_1_66' title='bbox 849 830 1024 871; x_wconf 79' lang='lat' dir='ltr'><strong>respublica</strong></span> <span class='ocrx_word' id='word_1_67' title='bbox 1051 831 1091 861; x_wconf 91' lang='lat' dir='ltr'><strong>ab</strong></span> 
     </span>
     <span class='ocr_line' id='line_1_14' title="bbox 426 872 1091 914; baseline -0.003 -9"><span class='ocrx_word' id='word_1_68' title='bbox 426 885 465 905; x_wconf 84' lang='lat' dir='ltr'><strong>eo</strong></span> <span class='ocrx_word' id='word_1_69' title='bbox 480 875 513 906; x_wconf 91' lang='lat' dir='ltr'><strong>in</strong></span> <span class='ocrx_word' id='word_1_70' title='bbox 528 874 638 905; x_wconf 81' lang='lat' dir='ltr'><strong>melius</strong></span> <span class='ocrx_word' id='word_1_71' title='bbox 652 875 784 905; x_wconf 81' lang='lat' dir='ltr'><strong>formata</strong></span> <span class='ocrx_word' id='word_1_72' title='bbox 808 873 841 910; x_wconf 83' lang='lat' dir='ltr'><strong>ii,</strong></span> <span class='ocrx_word' id='word_1_73' title='bbox 858 876 920 905; x_wconf 82' lang='lat'><strong>126</strong></span> <span class='ocrx_word' id='word_1_74' title='bbox 943 872 1091 914; x_wconf 82' lang='lat' dir='ltr'><strong>Sejanum</strong></span> 
     </span>
     <span class='ocr_line' id='line_1_15' title="bbox 426 916 1091 959; baseline -0.002 -11"><span class='ocrx_word' id='word_1_75' title='bbox 426 917 560 955; x_wconf 80' lang='lat' dir='ltr'><strong>extollit,</strong></span> <span class='ocrx_word' id='word_1_76' title='bbox 585 918 625 949; x_wconf 88' lang='lat' dir='ltr'><strong>de</strong></span> <span class='ocrx_word' id='word_1_77' title='bbox 646 927 710 959; x_wconf 92' lang='lat' dir='ltr'><strong>quo</strong></span> <span class='ocrx_word' id='word_1_78' title='bbox 732 916 911 948; x_wconf 78' lang='lat' dir='ltr'><strong>defenditur</strong></span> <span class='ocrx_word' id='word_1_79' title='bbox 935 926 954 947; x_wconf 85' lang='lat' dir='ltr'><strong>a</strong></span> <span class='ocrx_word' id='word_1_80' title='bbox 969 916 1091 948; x_wconf 85' lang='lat' dir='ltr'><strong>Velleio</strong></span> 
     </span>
     <span class='ocr_line' id='line_1_16' title="bbox 425 959 1092 1000; baseline -0.001 -9"><span class='ocrx_word' id='word_1_81' title='bbox 425 961 458 998; x_wconf 91' lang='lat' dir='ltr'><strong>ii,</strong></span> <span class='ocrx_word' id='word_1_82' title='bbox 477 963 549 993; x_wconf 85' lang='grc'>127.</span> <span class='ocrx_word' id='word_1_83' title='bbox 566 963 629 993; x_wconf 88' lang='grc'><strong>128</strong></span> <span class='ocrx_word' id='word_1_84' title='bbox 663 960 792 992; x_wconf 88' lang='lat' dir='ltr'><strong>consilia</strong></span> <span class='ocrx_word' id='word_1_85' title='bbox 816 959 884 1000; x_wconf 89' lang='lat' dir='ltr'><strong>ejus</strong></span> <span class='ocrx_word' id='word_1_86' title='bbox 908 964 1015 990; x_wconf 85' lang='lat' dir='ltr'><strong>contra</strong></span> <span class='ocrx_word' id='word_1_87' title='bbox 1040 969 1092 990; x_wconf 85' lang='lat' dir='ltr'><strong>ex-</strong></span> 
     </span>
     <span class='ocr_line' id='line_1_17' title="bbox 427 1002 1091 1044; baseline -0.002 -9"><span class='ocrx_word' id='word_1_88' title='bbox 427 1010 531 1035; x_wconf 85' lang='lat' dir='ltr'><strong>ternos</strong></span> <span class='ocrx_word' id='word_1_89' title='bbox 559 1005 663 1035; x_wconf 83' lang='lat' dir='ltr'><strong>hostes</strong></span> <span class='ocrx_word' id='word_1_90' title='bbox 701 1004 734 1039; x_wconf 89' lang='lat' dir='ltr'><strong>ii,</strong></span> <span class='ocrx_word' id='word_1_91' title='bbox 759 1006 822 1034; x_wconf 89' lang='grc'><strong>129</strong></span> <span class='ocrx_word' id='word_1_92' title='bbox 854 1002 956 1044; x_wconf 76' lang='lat' dir='ltr'><strong>judex</strong></span> <span class='ocrx_word' id='word_1_93' title='bbox 979 1003 1091 1044; x_wconf 86' lang='lat' dir='ltr'><strong>gravis,</strong></span> 
     </span>
     <span class='ocr_line' id='line_1_18' title="bbox 426 1045 1092 1088; baseline -0.002 -11"><span class='ocrx_word' id='word_1_94' title='bbox 426 1047 504 1078; x_wconf 90' lang='lat' dir='ltr'><strong>ibid.</strong></span> <span class='ocrx_word' id='word_1_95' title='bbox 536 1047 606 1088; x_wconf 88' lang='lat' dir='ltr'><strong>pius</strong></span> <span class='ocrx_word' id='word_1_96' title='bbox 629 1052 661 1078; x_wconf 90' lang='lat' dir='ltr'><strong>et</strong></span> <span class='ocrx_word' id='word_1_97' title='bbox 688 1046 851 1077; x_wconf 85' lang='lat' dir='ltr'><strong>munificus</strong></span> <span class='ocrx_word' id='word_1_98' title='bbox 874 1046 906 1076; x_wconf 90' lang='lat' dir='ltr'><strong>in</strong></span> <span class='ocrx_word' id='word_1_99' title='bbox 929 1045 1092 1077; x_wconf 84' lang='lat' dir='ltr'><strong>Germani-</strong></span> 
     </span>
     <span class='ocr_line' id='line_1_19' title="bbox 427 1088 1093 1130; baseline -0.002 -9"><span class='ocrx_word' id='word_1_100' title='bbox 427 1101 510 1128; x_wconf 89' lang='lat' dir='ltr'><strong>cum,</strong></span> <span class='ocrx_word' id='word_1_101' title='bbox 526 1090 603 1121; x_wconf 87' lang='lat' dir='ltr'><strong>ibid.</strong></span> <span class='ocrx_word' id='word_1_102' title='bbox 638 1090 772 1130; x_wconf 83' lang='lat' dir='ltr'><strong>liberalis</strong></span> <span class='ocrx_word' id='word_1_103' title='bbox 788 1090 819 1119; x_wconf 94' lang='lat' dir='ltr'><strong>in</strong></span> <span class='ocrx_word' id='word_1_104' title='bbox 834 1088 986 1130; x_wconf 88' lang='lat' dir='ltr'><strong>populum</strong></span> <span class='ocrx_word' id='word_1_105' title='bbox 1000 1094 1032 1120; x_wconf 90' lang='lat' dir='ltr'><strong>et</strong></span> <span class='ocrx_word' id='word_1_106' title='bbox 1047 1100 1093 1120; x_wconf 80' lang='lat' dir='ltr'><strong>se-</strong></span> 
     </span>
     <span class='ocr_line' id='line_1_20' title="bbox 425 1132 1092 1175; baseline -0.001 -12"><span class='ocrx_word' id='word_1_107' title='bbox 425 1138 549 1165; x_wconf 89' lang='lat' dir='ltr'><strong>natores</strong></span> <span class='ocrx_word' id='word_1_108' title='bbox 573 1144 700 1175; x_wconf 88' lang='lat' dir='ltr'><strong>egenos,</strong></span> <span class='ocrx_word' id='word_1_109' title='bbox 724 1132 801 1163; x_wconf 90' lang='lat' dir='ltr'><strong>ibid.</strong></span> <span class='ocrx_word' id='word_1_110' title='bbox 836 1132 968 1163; x_wconf 87' lang='lat' dir='ltr'><strong>aedificia</strong></span> <span class='ocrx_word' id='word_1_111' title='bbox 989 1132 1028 1162; x_wconf 92' lang='lat' dir='ltr'><strong>ab</strong></span> <span class='ocrx_word' id='word_1_112' title='bbox 1054 1142 1092 1163; x_wconf 91' lang='lat' dir='ltr'><strong>eo</strong></span> 
     </span>
     <span class='ocr_line' id='line_1_21' title="bbox 426 1175 1093 1214; baseline -0.004 -6"><span class='ocrx_word' id='word_1_113' title='bbox 426 1181 567 1208; x_wconf 83' lang='lat' dir='ltr'><strong>extructa</strong></span> <span class='ocrx_word' id='word_1_114' title='bbox 591 1178 625 1214; x_wconf 87' lang='lat' dir='ltr'><strong>ii,</strong></span> <span class='ocrx_word' id='word_1_115' title='bbox 643 1179 705 1208; x_wconf 78' lang='lat'><strong>130</strong></span> <span class='ocrx_word' id='word_1_116' title='bbox 735 1175 901 1207; x_wconf 80' lang='lat' dir='ltr'><strong>liberalitas</strong></span> <span class='ocrx_word' id='word_1_117' title='bbox 925 1175 958 1205; x_wconf 90' lang='lat' dir='ltr'><strong>in</strong></span> <span class='ocrx_word' id='word_1_118' title='bbox 980 1176 1093 1206; x_wconf 84' lang='lat' dir='ltr'><strong>montis</strong></span> 
     </span>
     <span class='ocr_line' id='line_1_22' title="bbox 427 1217 1092 1256; baseline -0.006 -4"><span class='ocrx_word' id='word_1_119' title='bbox 427 1217 651 1252; x_wconf 79' lang='lat' dir='ltr'><strong>Caeliiincensi</strong></span> <span class='ocrx_word' id='word_1_120' title='bbox 667 1219 795 1256; x_wconf 82' lang='lat' dir='ltr'><strong>incolas,</strong></span> <span class='ocrx_word' id='word_1_121' title='bbox 807 1218 882 1249; x_wconf 85' lang='lat' dir='ltr'><strong>ibid.</strong></span> <span class='ocrx_word' id='word_1_122' title='bbox 905 1217 991 1249; x_wconf 82' lang='lat' dir='ltr'><strong>Asiae</strong></span> <span class='ocrx_word' id='word_1_123' title='bbox 1002 1219 1092 1249; x_wconf 89' lang='lat' dir='ltr'><strong>urbes</strong></span> 
     </span>
     <span class='ocr_line' id='line_1_23' title="bbox 427 1261 1091 1304; baseline -0.005 -10"><span class='ocrx_word' id='word_1_124' title='bbox 427 1264 532 1304; x_wconf 86' lang='lat' dir='ltr'><strong>(terrae</strong></span> <span class='ocrx_word' id='word_1_125' title='bbox 574 1267 662 1294; x_wconf 89' lang='lat' dir='ltr'><strong>motu</strong></span> <span class='ocrx_word' id='word_1_126' title='bbox 702 1261 866 1303; x_wconf 83' lang='lat' dir='ltr'><strong>disjectas)</strong></span> <span class='ocrx_word' id='word_1_127' title='bbox 895 1261 1030 1293; x_wconf 76' lang='lat' dir='ltr'><strong>restituit</strong></span> <span class='ocrx_word' id='word_1_128' title='bbox 1058 1262 1091 1298; x_wconf 92' lang='lat' dir='ltr'><strong>ii,</strong></span> 
     </span>
     <span class='ocr_line' id='line_1_24' title="bbox 427 1304 1092 1349; baseline -0.008 -10"><span class='ocrx_word' id='word_1_129' title='bbox 427 1309 492 1339; x_wconf 89' lang='grc'><strong>126</strong></span> <span class='ocrx_word' id='word_1_130' title='bbox 524 1306 583 1349; x_wconf 87' lang='lat' dir='ltr'><strong>(cf.</strong></span> <span class='ocrx_word' id='word_1_131' title='bbox 597 1306 698 1337; x_wconf 86' lang='lat' dir='ltr'><strong>Tacit.</strong></span> <span class='ocrx_word' id='word_1_132' title='bbox 712 1305 798 1336; x_wconf 90' lang='lat' dir='ltr'><strong>Ann.</strong></span> <span class='ocrx_word' id='word_1_133' title='bbox 823 1305 856 1342; x_wconf 88' lang='lat' dir='ltr'><strong>ii,</strong></span> <span class='ocrx_word' id='word_1_134' title='bbox 872 1304 933 1345; x_wconf 85' lang='grc'>47)</span> <span class='ocrx_word' id='word_1_135' title='bbox 965 1304 1092 1346; x_wconf 85' lang='lat' dir='ltr'><strong>supple-</strong></span> 
     </span>
     <span class='ocr_line' id='line_1_25' title="bbox 426 1347 1092 1391; baseline -0.002 -10"><span class='ocrx_word' id='word_1_136' title='bbox 426 1354 566 1382; x_wconf 84' lang='lat' dir='ltr'><strong>mentum</strong></span> <span class='ocrx_word' id='word_1_137' title='bbox 597 1349 754 1391; x_wconf 84' lang='lat' dir='ltr'><strong>legionum</strong></span> <span class='ocrx_word' id='word_1_138' title='bbox 783 1348 928 1390; x_wconf 84' lang='lat' dir='ltr'><strong>providet</strong></span> <span class='ocrx_word' id='word_1_139' title='bbox 967 1347 1001 1386; x_wconf 86' lang='lat' dir='ltr'><strong>ii,</strong></span> <span class='ocrx_word' id='word_1_140' title='bbox 1029 1350 1092 1380; x_wconf 82' lang='lat'><strong>130</strong></span> 
     </span>
     <span class='ocr_line' id='line_1_26' title="bbox 427 1391 1091 1433; baseline -0.003 -10"><span class='ocrx_word' id='word_1_141' title='bbox 427 1393 556 1424; x_wconf 80' lang='lat' dir='ltr'><strong>adversa</strong></span> <span class='ocrx_word' id='word_1_142' title='bbox 571 1392 640 1433; x_wconf 87' lang='lat' dir='ltr'><strong>ejus</strong></span> <span class='ocrx_word' id='word_1_143' title='bbox 654 1392 788 1429; x_wconf 83' lang='lat' dir='ltr'><strong>fortuna,</strong></span> <span class='ocrx_word' id='word_1_144' title='bbox 800 1391 877 1423; x_wconf 87' lang='lat' dir='ltr'><strong>ibid.</strong></span> <span class='ocrx_word' id='word_1_145' title='bbox 900 1395 971 1422; x_wconf 75' lang='lat' dir='ltr'><strong>vota</strong></span> <span class='ocrx_word' id='word_1_146' title='bbox 986 1401 1042 1432; x_wconf 88' lang='lat' dir='ltr'><strong>pro</strong></span> <span class='ocrx_word' id='word_1_147' title='bbox 1054 1401 1091 1421; x_wconf 88' lang='lat' dir='ltr'><strong>eo</strong></span> 
     </span>
     <span class='ocr_line' id='line_1_27' title="bbox 426 1435 679 1472; baseline 0 -6"><span class='ocrx_word' id='word_1_148' title='bbox 426 1435 544 1468; x_wconf 87' lang='lat' dir='ltr'><strong>Velleii</strong></span> <span class='ocrx_word' id='word_1_149' title='bbox 568 1436 602 1472; x_wconf 90' lang='lat' dir='ltr'><strong>ii,</strong></span> <span class='ocrx_word' id='word_1_150' title='bbox 619 1438 679 1468; x_wconf 82' lang='lat'><strong>131</strong></span> 
     </span>
    </p>

    <p class='ocr_par' dir='ltr' id='par_1_3' title="bbox 384 1475 1006 1521">
     <span class='ocr_line' id='line_1_28' title="bbox 384 1475 1006 1521; baseline 0 -12"><span class='ocrx_word' id='word_1_151' title='bbox 384 1477 536 1510; x_wconf 83' lang='lat' dir='ltr'><strong>Claudius</strong></span> <span class='ocrx_word' id='word_1_152' title='bbox 551 1489 639 1509; x_wconf 88' lang='lat' dir='ltr'><strong>mons</strong></span> <span class='ocrx_word' id='word_1_153' title='bbox 655 1475 867 1521; x_wconf 87' lang='lat' dir='ltr'><strong>(Pannoniae)</strong></span> <span class='ocrx_word' id='word_1_154' title='bbox 891 1477 931 1514; x_wconf 83' lang='lat' dir='ltr'><strong>ii,</strong></span> <span class='ocrx_word' id='word_1_155' title='bbox 943 1480 1006 1509; x_wconf 84' lang='lat'><strong>112</strong></span> 
     </span>
    </p>

    <p class='ocr_par' dir='ltr' id='par_1_4' title="bbox 386 1520 1035 1559">
     <span class='ocr_line' id='line_1_29' title="bbox 386 1520 1035 1559; baseline 0 -7"><span class='ocrx_word' id='word_1_156' title='bbox 386 1520 598 1559; x_wconf 84' lang='lat' dir='ltr'><strong>Clazomenae,</strong></span> <span class='ocrx_word' id='word_1_157' title='bbox 613 1522 652 1552; x_wconf 87' lang='lat' dir='ltr'><strong>ab</strong></span> <span class='ocrx_word' id='word_1_158' title='bbox 669 1521 799 1552; x_wconf 78' lang='lat' dir='ltr'><strong>[onibus</strong></span> <span class='ocrx_word' id='word_1_159' title='bbox 814 1520 949 1552; x_wconf 90' lang='lat' dir='ltr'><strong>conditae</strong></span> <span class='ocrx_word' id='word_1_160' title='bbox 976 1521 998 1556; x_wconf 87' lang='lat' dir='ltr'><strong>i,</strong></span> <span class='ocrx_word' id='word_1_161' title='bbox 1014 1522 1035 1552; x_wconf 82' lang='lat'>4</span> 
     </span>
    </p>

    <p class='ocr_par' dir='ltr' id='par_1_5' title="bbox 386 1563 1095 1990">
     <span class='ocr_line' id='line_1_30' title="bbox 386 1563 1094 1607; baseline -0.003 -12"><span class='ocrx_word' id='word_1_162' title='bbox 386 1563 558 1607; x_wconf 81' lang='lat' dir='ltr'><strong>Cleopatra</strong></span> <span class='ocrx_word' id='word_1_163' title='bbox 593 1565 777 1607; x_wconf 71' lang='lat' dir='ltr'><strong>(Ptolemaei</strong></span> <span class='ocrx_word' id='word_1_164' title='bbox 807 1563 931 1594; x_wconf 91' lang='lat' dir='ltr'><strong>Auletis</strong></span> <span class='ocrx_word' id='word_1_165' title='bbox 961 1563 1036 1599; x_wconf 84' lang='lat' dir='ltr'><strong>filia,</strong></span> <span class='ocrx_word' id='word_1_166' title='bbox 1075 1574 1094 1594; x_wconf 87' lang='lat' dir='ltr'><strong>a</strong></span> 
     </span>
     <span class='ocr_line' id='line_1_31' title="bbox 426 1606 1094 1647; baseline -0.004 -8"><span class='ocrx_word' id='word_1_167' title='bbox 426 1606 491 1639; x_wconf 89' lang='lat' dir='ltr'><strong>Jul.</strong></span> <span class='ocrx_word' id='word_1_168' title='bbox 507 1608 630 1640; x_wconf 85' lang='lat' dir='ltr'><strong>Caesare</strong></span> <span class='ocrx_word' id='word_1_169' title='bbox 641 1619 711 1639; x_wconf 90' lang='lat' dir='ltr'><strong>cum</strong></span> <span class='ocrx_word' id='word_1_170' title='bbox 724 1607 896 1638; x_wconf 85' lang='lat' dir='ltr'><strong>Ptolemaeo</strong></span> <span class='ocrx_word' id='word_1_171' title='bbox 913 1617 1021 1647; x_wconf 86' lang='lat' dir='ltr'><strong>puero,</strong></span> <span class='ocrx_word' id='word_1_172' title='bbox 1034 1606 1094 1637; x_wconf 81' lang='lat' dir='ltr'><strong>fra-</strong></span> 
     </span>
     <span class='ocr_line' id='line_1_32' title="bbox 423 1649 1095 1692; baseline -0.004 -10"><span class='ocrx_word' id='word_1_173' title='bbox 423 1657 473 1682; x_wconf 82' lang='lat' dir='ltr'><strong>tre</strong></span> <span class='ocrx_word' id='word_1_174' title='bbox 497 1656 530 1683; x_wconf 88' lang='lat' dir='ltr'><strong>et</strong></span> <span class='ocrx_word' id='word_1_175' title='bbox 550 1650 698 1692; x_wconf 81' lang='lat' dir='ltr'><strong>conjuge,</strong></span> <span class='ocrx_word' id='word_1_176' title='bbox 714 1661 808 1691; x_wconf 83' lang='lat' dir='ltr'><strong>regno</strong></span> <span class='ocrx_word' id='word_1_177' title='bbox 823 1649 958 1691; x_wconf 82' lang='lat' dir='ltr'><strong>AEgypti</strong></span> <span class='ocrx_word' id='word_1_178' title='bbox 973 1658 1095 1692; x_wconf 84' lang='lat' dir='ltr'><strong>praepo-</strong></span> 
     </span>
     <span class='ocr_line' id='line_1_33' title="bbox 428 1692 1094 1737; baseline -0.005 -11"><span class='ocrx_word' id='word_1_179' title='bbox 428 1694 506 1737; x_wconf 81' lang='lat' dir='ltr'><strong>sita)</strong></span> <span class='ocrx_word' id='word_1_180' title='bbox 531 1694 581 1725; x_wconf 90' lang='lat' dir='ltr'><strong>M.</strong></span> <span class='ocrx_word' id='word_1_181' title='bbox 607 1694 783 1725; x_wconf 87' lang='lat' dir='ltr'><strong>Antonium</strong></span> <span class='ocrx_word' id='word_1_182' title='bbox 807 1703 909 1723; x_wconf 87' lang='lat' dir='ltr'><strong>amore</strong></span> <span class='ocrx_word' id='word_1_183' title='bbox 924 1692 973 1723; x_wconf 84' lang='lat' dir='ltr'><strong>sui</strong></span> <span class='ocrx_word' id='word_1_184' title='bbox 986 1693 1094 1723; x_wconf 86' lang='lat' dir='ltr'><strong>incen-</strong></span> 
     </span>
     <span class='ocr_line' id='line_1_34' title="bbox 429 1735 1095 1777; baseline -0.005 -8"><span class='ocrx_word' id='word_1_185' title='bbox 429 1738 477 1768; x_wconf 93' lang='lat' dir='ltr'><strong>dit</strong></span> <span class='ocrx_word' id='word_1_186' title='bbox 499 1739 533 1775; x_wconf 89' lang='lat' dir='ltr'><strong>ii,</strong></span> <span class='ocrx_word' id='word_1_187' title='bbox 558 1741 600 1769; x_wconf 87' lang='grc'>82</span> <span class='ocrx_word' id='word_1_188' title='bbox 633 1747 652 1767; x_wconf 88' lang='lat' dir='ltr'><strong>a</strong></span> <span class='ocrx_word' id='word_1_189' title='bbox 667 1737 727 1768; x_wconf 93' lang='lat' dir='ltr'><strong>Cn.</strong></span> <span class='ocrx_word' id='word_1_190' title='bbox 743 1735 884 1767; x_wconf 88' lang='lat' dir='ltr'><strong>Domitio</strong></span> <span class='ocrx_word' id='word_1_191' title='bbox 908 1735 974 1767; x_wconf 87' lang='lat' dir='ltr'><strong>solo</strong></span> <span class='ocrx_word' id='word_1_192' title='bbox 989 1735 1095 1777; x_wconf 86' lang='lat' dir='ltr'><strong>regina</strong></span> 
     </span>
     <span class='ocr_line' id='line_1_35' title="bbox 429 1777 1094 1820; baseline -0.002 -10"><span class='ocrx_word' id='word_1_193' title='bbox 429 1791 495 1812; x_wconf 87' lang='lat' dir='ltr'><strong>non</strong></span> <span class='ocrx_word' id='word_1_194' title='bbox 524 1781 658 1812; x_wconf 75' lang='lat' dir='ltr'><strong>salutata</strong></span> <span class='ocrx_word' id='word_1_195' title='bbox 696 1780 731 1815; x_wconf 89' lang='lat' dir='ltr'><strong>ii,</strong></span> <span class='ocrx_word' id='word_1_196' title='bbox 759 1782 802 1812; x_wconf 84' lang='lat'><strong>84</strong></span> <span class='ocrx_word' id='word_1_197' title='bbox 847 1780 933 1820; x_wconf 90' lang='lat' dir='ltr'><strong>apud</strong></span> <span class='ocrx_word' id='word_1_198' title='bbox 966 1777 1094 1810; x_wconf 87' lang='lat' dir='ltr'><strong>Actium</strong></span> 
     </span>
     <span class='ocr_line' id='line_1_36' title="bbox 428 1821 1094 1865; baseline -0.006 -10"><span class='ocrx_word' id='word_1_199' title='bbox 428 1825 528 1864; x_wconf 86' lang='lat' dir='ltr'><strong>prima</strong></span> <span class='ocrx_word' id='word_1_200' title='bbox 541 1824 646 1865; x_wconf 87' lang='lat' dir='ltr'><strong>fugam</strong></span> <span class='ocrx_word' id='word_1_201' title='bbox 662 1828 797 1864; x_wconf 86' lang='lat' dir='ltr'><strong>occupat</strong></span> <span class='ocrx_word' id='word_1_202' title='bbox 830 1822 864 1859; x_wconf 91' lang='lat' dir='ltr'><strong>ii,</strong></span> <span class='ocrx_word' id='word_1_203' title='bbox 887 1825 927 1854; x_wconf 80' lang='lat'><strong>85</strong></span> <span class='ocrx_word' id='word_1_204' title='bbox 962 1821 1031 1863; x_wconf 89' lang='lat' dir='ltr'><strong>ejus</strong></span> <span class='ocrx_word' id='word_1_205' title='bbox 1053 1822 1094 1852; x_wconf 90' lang='lat' dir='ltr'><strong>ad</strong></span> 
     </span>
     <span class='ocr_line' id='line_1_37' title="bbox 427 1865 1095 1905; baseline -0.004 -7"><span class='ocrx_word' id='word_1_206' title='bbox 427 1867 585 1898; x_wconf 83' lang='lat' dir='ltr'><strong>arbitrium</strong></span> <span class='ocrx_word' id='word_1_207' title='bbox 610 1866 769 1897; x_wconf 89' lang='lat' dir='ltr'><strong>Antonius</strong></span> <span class='ocrx_word' id='word_1_208' title='bbox 791 1865 952 1896; x_wconf 88' lang='lat' dir='ltr'><strong>victoriam</strong></span> <span class='ocrx_word' id='word_1_209' title='bbox 974 1870 1095 1905; x_wconf 87' lang='lat' dir='ltr'><strong>tempe-</strong></span> 
     </span>
     <span class='ocr_line' id='line_1_38' title="bbox 429 1909 1094 1950; baseline -0.005 -9"><span class='ocrx_word' id='word_1_210' title='bbox 429 1915 548 1941; x_wconf 81' lang='lat' dir='ltr'><strong>raturus</strong></span> <span class='ocrx_word' id='word_1_211' title='bbox 563 1914 641 1947; x_wconf 87' lang='lat' dir='ltr'><strong>erat,</strong></span> <span class='ocrx_word' id='word_1_212' title='bbox 654 1909 730 1940; x_wconf 92' lang='lat' dir='ltr'><strong>ibid.</strong></span> <span class='ocrx_word' id='word_1_213' title='bbox 763 1909 879 1950; x_wconf 81' lang='lat' dir='ltr'><strong>aspidis</strong></span> <span class='ocrx_word' id='word_1_214' title='bbox 893 1918 996 1939; x_wconf 86' lang='lat' dir='ltr'><strong>morsu</strong></span> <span class='ocrx_word' id='word_1_215' title='bbox 1011 1909 1094 1939; x_wconf 78' lang='lat' dir='ltr'><strong>occi-</strong></span> 
     </span>
     <span class='ocr_line' id='line_1_39' title="bbox 430 1953 597 1990; baseline 0.006 -6"><span class='ocrx_word' id='word_1_216' title='bbox 430 1953 478 1984; x_wconf 88' lang='lat' dir='ltr'><strong>dit</strong></span> <span class='ocrx_word' id='word_1_217' title='bbox 505 1953 538 1990; x_wconf 90' lang='lat' dir='ltr'><strong>ii,</strong></span> <span class='ocrx_word' id='word_1_218' title='bbox 556 1956 597 1985; x_wconf 84' lang='grc'><strong>87</strong></span> 
     </span>
    </p>

    <p class='ocr_par' dir='ltr' id='par_1_6' title="bbox 385 1993 1098 2471">
     <span class='ocr_line' id='line_1_40' title="bbox 385 1993 1094 2037; baseline -0.001 -10"><span class='ocrx_word' id='word_1_219' title='bbox 385 1995 531 2033; x_wconf 87' lang='lat' dir='ltr'><strong>Clodius,</strong></span> <span class='ocrx_word' id='word_1_220' title='bbox 547 1995 585 2027; x_wconf 89' lang='lat' dir='ltr'><strong>P.</strong></span> <span class='ocrx_word' id='word_1_221' title='bbox 600 1995 669 2037; x_wconf 86' lang='lat' dir='ltr'><strong>ejus</strong></span> <span class='ocrx_word' id='word_1_222' title='bbox 683 1995 805 2026; x_wconf 87' lang='lat' dir='ltr'><strong>indoles</strong></span> <span class='ocrx_word' id='word_1_223' title='bbox 829 1998 862 2025; x_wconf 88' lang='lat' dir='ltr'><strong>et</strong></span> <span class='ocrx_word' id='word_1_224' title='bbox 882 2004 980 2025; x_wconf 88' lang='lat' dir='ltr'><strong>mores</strong></span> <span class='ocrx_word' id='word_1_225' title='bbox 1003 1993 1038 2031; x_wconf 87' lang='lat' dir='ltr'><strong>ii,</strong></span> <span class='ocrx_word' id='word_1_226' title='bbox 1053 1997 1094 2026; x_wconf 85' lang='grc'>45</span> 
     </span>
     <span class='ocr_line' id='line_1_41' title="bbox 430 2038 1098 2081; baseline -0.004 -11"><span class='ocrx_word' id='word_1_227' title='bbox 430 2039 543 2072; x_wconf 79' lang='lat' dir='ltr'><strong>incesti</strong></span> <span class='ocrx_word' id='word_1_228' title='bbox 567 2049 637 2070; x_wconf 87' lang='lat' dir='ltr'><strong>reus</strong></span> <span class='ocrx_word' id='word_1_229' title='bbox 672 2038 745 2081; x_wconf 84' lang='lat' dir='ltr'><strong>(sel.</strong></span> <span class='ocrx_word' id='word_1_230' title='bbox 775 2038 874 2079; x_wconf 83' lang='lat' dir='ltr'><strong>stupri</strong></span> <span class='ocrx_word' id='word_1_231' title='bbox 902 2038 983 2068; x_wconf 88' lang='lat' dir='ltr'><strong>inter</strong></span> <span class='ocrx_word' id='word_1_232' title='bbox 1012 2047 1098 2068; x_wconf 81' lang='lat' dir='ltr'><strong>sacra</strong></span> 
     </span>
     <span class='ocr_line' id='line_1_42' title="bbox 429 2080 1097 2122; baseline -0.006 -7"><span class='ocrx_word' id='word_1_233' title='bbox 429 2083 530 2115; x_wconf 85' lang='lat' dir='ltr'><strong>Bonae</strong></span> <span class='ocrx_word' id='word_1_234' title='bbox 559 2082 640 2114; x_wconf 85' lang='lat' dir='ltr'><strong>Deae</strong></span> <span class='ocrx_word' id='word_1_235' title='bbox 669 2092 742 2113; x_wconf 89' lang='lat' dir='ltr'><strong>cum</strong></span> <span class='ocrx_word' id='word_1_236' title='bbox 770 2081 932 2122; x_wconf 89' lang='lat' dir='ltr'><strong>Pompeia,</strong></span> <span class='ocrx_word' id='word_1_237' title='bbox 967 2080 1097 2112; x_wconf 85' lang='lat' dir='ltr'><strong>Caesaris</strong></span> 
     </span>
     <span class='ocr_line' id='line_1_43' title="bbox 429 2123 1096 2163; baseline -0.006 -5"><span class='ocrx_word' id='word_1_238' title='bbox 429 2136 536 2163; x_wconf 83' lang='lat' dir='ltr'><strong>uxore,</strong></span> <span class='ocrx_word' id='word_1_239' title='bbox 561 2124 673 2157; x_wconf 85' lang='lat' dir='ltr'><strong>tentati</strong></span> <span class='ocrx_word' id='word_1_240' title='bbox 693 2148 702 2163; x_wconf 85' lang='lat'><strong>,</strong></span> <span class='ocrx_word' id='word_1_241' title='bbox 725 2124 802 2156; x_wconf 89' lang='lat' dir='ltr'><strong>ibid.</strong></span> <span class='ocrx_word' id='word_1_242' title='bbox 838 2123 1003 2155; x_wconf 85' lang='lat' dir='ltr'><strong>inimicitia</strong></span> <span class='ocrx_word' id='word_1_243' title='bbox 1025 2133 1096 2154; x_wconf 91' lang='lat' dir='ltr'><strong>cum</strong></span> 
     </span>
     <span class='ocr_line' id='line_1_44' title="bbox 430 2166 1097 2209; baseline -0.006 -8"><span class='ocrx_word' id='word_1_244' title='bbox 430 2169 595 2206; x_wconf 86' lang='lat' dir='ltr'><strong>Cicerone,</strong></span> <span class='ocrx_word' id='word_1_245' title='bbox 616 2168 660 2199; x_wconf 88' lang='lat' dir='ltr'><strong>ibi</strong></span> <span class='ocrx_word' id='word_1_246' title='bbox 684 2189 693 2198; x_wconf 91' lang='lat'><strong>.</strong></span> <span class='ocrx_word' id='word_1_247' title='bbox 726 2178 746 2198; x_wconf 86' lang='lat' dir='ltr'><strong>a</strong></span> <span class='ocrx_word' id='word_1_248' title='bbox 765 2167 904 2209; x_wconf 85' lang='lat' dir='ltr'><strong>patribus</strong></span> <span class='ocrx_word' id='word_1_249' title='bbox 916 2167 956 2198; x_wconf 86' lang='lat' dir='ltr'><strong>ad</strong></span> <span class='ocrx_word' id='word_1_250' title='bbox 972 2166 1097 2207; x_wconf 85' lang='lat' dir='ltr'><strong>plebem</strong></span> 
     </span>
     <span class='ocr_line' id='line_1_45' title="bbox 431 2209 1096 2255; baseline -0.008 -11"><span class='ocrx_word' id='word_1_251' title='bbox 431 2212 542 2244; x_wconf 77' lang='lat' dir='ltr'><strong>transit</strong></span> <span class='ocrx_word' id='word_1_252' title='bbox 564 2211 638 2255; x_wconf 91' lang='lat' dir='ltr'><strong>(scl.</strong></span> <span class='ocrx_word' id='word_1_253' title='bbox 665 2211 832 2252; x_wconf 65' lang='lat' dir='ltr'><strong>adoptatus</strong></span> <span class='ocrx_word' id='word_1_254' title='bbox 855 2220 875 2241; x_wconf 88' lang='lat' dir='ltr'><strong>a</strong></span> <span class='ocrx_word' id='word_1_255' title='bbox 897 2209 935 2240; x_wconf 90' lang='grc' dir='ltr'><strong>Ρ.</strong></span> <span class='ocrx_word' id='word_1_256' title='bbox 951 2209 1096 2246; x_wconf 80' lang='lat' dir='ltr'><strong>Fonteio,</strong></span> 
     </span>
     <span class='ocr_line' id='line_1_46' title="bbox 430 2253 1096 2298; baseline -0.006 -11"><span class='ocrx_word' id='word_1_257' title='bbox 430 2253 679 2298; x_wconf 79' lang='lat' dir='ltr'><strong>plebeio),.ibid.</strong></span> <span class='ocrx_word' id='word_1_258' title='bbox 701 2255 751 2286; x_wconf 84' lang='lat' dir='ltr'><strong>lex</strong></span> <span class='ocrx_word' id='word_1_259' title='bbox 766 2253 799 2285; x_wconf 88' lang='lat' dir='ltr'><strong>in</strong></span> <span class='ocrx_word' id='word_1_260' title='bbox 814 2254 973 2285; x_wconf 82' lang='lat' dir='ltr'><strong>tribunatu</strong></span> <span class='ocrx_word' id='word_1_261' title='bbox 988 2253 1096 2284; x_wconf 83' lang='lat' dir='ltr'><strong>adver-</strong></span> 
     </span>
     <span class='ocr_line' id='line_1_47' title="bbox 429 2296 1098 2335; baseline -0.006 -5"><span class='ocrx_word' id='word_1_262' title='bbox 429 2309 482 2330; x_wconf 84' lang='lat' dir='ltr'><strong>sus</strong></span> <span class='ocrx_word' id='word_1_263' title='bbox 492 2298 690 2335; x_wconf 85' lang='lat' dir='ltr'><strong>Ciceronem,</strong></span> <span class='ocrx_word' id='word_1_264' title='bbox 698 2297 784 2328; x_wconf 61' lang='lat' dir='ltr'><strong>ibid.</strong></span> <span class='ocrx_word' id='word_1_265' title='bbox 798 2296 959 2329; x_wconf 85' lang='lat' dir='ltr'><strong>Ciceronis</strong></span> <span class='ocrx_word' id='word_1_266' title='bbox 971 2297 1098 2327; x_wconf 90' lang='lat' dir='ltr'><strong>domum</strong></span> 
     </span>
     <span class='ocr_line' id='line_1_48' title="bbox 430 2338 1098 2383; baseline -0.006 -10"><span class='ocrx_word' id='word_1_267' title='bbox 430 2341 561 2383; x_wconf 90' lang='lat' dir='ltr'><strong>dejecit,</strong></span> <span class='ocrx_word' id='word_1_268' title='bbox 586 2341 663 2371; x_wconf 85' lang='lat' dir='ltr'><strong>ibid.</strong></span> <span class='ocrx_word' id='word_1_269' title='bbox 697 2341 748 2372; x_wconf 87' lang='lat' dir='ltr'><strong>lex</strong></span> <span class='ocrx_word' id='word_1_270' title='bbox 774 2339 843 2381; x_wconf 80' lang='lat' dir='ltr'><strong>ejus</strong></span> <span class='ocrx_word' id='word_1_271' title='bbox 865 2340 906 2371; x_wconf 90' lang='lat' dir='ltr'><strong>de</strong></span> <span class='ocrx_word' id='word_1_272' title='bbox 927 2338 1049 2373; x_wconf 85' lang='lat' dir='ltr'><strong>Catone</strong></span> <span class='ocrx_word' id='word_1_273' title='bbox 1064 2338 1098 2369; x_wconf 88' lang='lat' dir='ltr'><strong>in</strong></span> 
     </span>
     <span class='ocr_line' id='line_1_49' title="bbox 431 2381 1098 2427; baseline -0.007 -10"><span class='ocrx_word' id='word_1_274' title='bbox 431 2384 574 2427; x_wconf 85' lang='lat' dir='ltr'><strong>Cyprum</strong></span> <span class='ocrx_word' id='word_1_275' title='bbox 585 2383 752 2422; x_wconf 74' lang='lat' dir='ltr'><strong>mittendo,</strong></span> <span class='ocrx_word' id='word_1_276' title='bbox 766 2383 847 2415; x_wconf 78' lang='lat' dir='ltr'><strong>ibid.</strong></span> <span class='ocrx_word' id='word_1_277' title='bbox 875 2393 894 2414; x_wconf 86' lang='lat' dir='ltr'><strong>a</strong></span> <span class='ocrx_word' id='word_1_278' title='bbox 909 2382 1034 2413; x_wconf 82' lang='lat' dir='ltr'><strong>Milone</strong></span> <span class='ocrx_word' id='word_1_279' title='bbox 1042 2381 1098 2422; x_wconf 87' lang='lat' dir='ltr'><strong>ju-</strong></span> 
     </span>
     <span class='ocr_line' id='line_1_50' title="bbox 432 2427 672 2471; baseline 0 -12"><span class='ocrx_word' id='word_1_280' title='bbox 432 2428 558 2471; x_wconf 86' lang='lat' dir='ltr'><strong>gulatur</strong></span> <span class='ocrx_word' id='word_1_281' title='bbox 580 2427 614 2465; x_wconf 90' lang='lat' dir='ltr'><strong>ii,</strong></span> <span class='ocrx_word' id='word_1_282' title='bbox 629 2430 672 2459; x_wconf 88' lang='grc'><strong>47</strong></span> 
     </span>
    </p>

    <p class='ocr_par' dir='ltr' id='par_1_7' title="bbox 389 2466 1098 2547">
     <span class='ocr_line' id='line_1_51' title="bbox 389 2466 1098 2514; baseline -0.01 -10"><span class='ocrx_word' id='word_1_283' title='bbox 389 2471 531 2505; x_wconf 81' lang='lat' dir='ltr'><strong>Clusium</strong></span> <span class='ocrx_word' id='word_1_284' title='bbox 545 2468 724 2514; x_wconf 85' lang='lat' dir='ltr'><strong>(Etruriae),</strong></span> <span class='ocrx_word' id='word_1_285' title='bbox 747 2469 833 2511; x_wconf 73' lang='lat' dir='ltr'><strong>apud</strong></span> <span class='ocrx_word' id='word_1_286' title='bbox 859 2467 945 2510; x_wconf 85' lang='lat' dir='ltr'><strong>quod</strong></span> <span class='ocrx_word' id='word_1_287' title='bbox 960 2466 1098 2498; x_wconf 75' lang='lat' dir='ltr'><strong>Mariani</strong></span> 
     </span>
     <span class='ocr_line' id='line_1_52' title="bbox 433 2514 609 2547; baseline 0 -1"><span class='ocrx_word' id='word_1_288' title='bbox 433 2514 496 2547; x_wconf 78' lang='lat' dir='ltr'><strong>fusi</strong></span> <span class='ocrx_word' id='word_1_289' title='bbox 516 2514 538 2546; x_wconf 84' lang='lat' dir='ltr'><strong>ii</strong></span> <span class='ocrx_word' id='word_1_290' title='bbox 565 2516 609 2546; x_wconf 87' lang='grc'><strong>28</strong></span> 
     </span>
    </p>

    <p class='ocr_par' dir='ltr' id='par_1_8' title="bbox 389 2537 1098 2644">
     <span class='ocr_line' id='line_1_53' title="bbox 389 2537 1098 2607; baseline -0.011 -16"><span class='ocrx_word' id='word_1_291' title='bbox 389 2558 503 2591; x_wconf 83' lang='lat' dir='ltr'><strong>Cocles</strong></span> <span class='ocrx_word' id='word_1_292' title='bbox 527 2537 724 2607; x_wconf 63' lang='lat' dir='ltr'><strong>(Horatius),</strong></span> <span class='ocrx_word' id='word_1_293' title='bbox 749 2554 817 2596; x_wconf 90' lang='lat' dir='ltr'><strong>ejus</strong></span> <span class='ocrx_word' id='word_1_294' title='bbox 841 2553 990 2586; x_wconf 82' lang='lat' dir='ltr'><strong>fortitudo</strong></span> <span class='ocrx_word' id='word_1_295' title='bbox 1015 2552 1049 2589; x_wconf 91' lang='lat' dir='ltr'><strong>ii,</strong></span> <span class='ocrx_word' id='word_1_296' title='bbox 1076 2555 1098 2584; x_wconf 86' lang='grc'>6</span> 
     </span>
     <span class='ocr_line' id='line_1_54' title="bbox 431 2598 709 2644; baseline -0.007 -11"><span class='ocrx_word' id='word_1_297' title='bbox 431 2600 492 2644; x_wconf 83' lang='lat' dir='ltr'><strong>(cf.</strong></span> <span class='ocrx_word' id='word_1_298' title='bbox 506 2601 575 2637; x_wconf 82' lang='lat' dir='ltr'><strong>Lw.</strong></span> <span class='ocrx_word' id='word_1_299' title='bbox 602 2599 636 2638; x_wconf 86' lang='lat' dir='ltr'><strong>ii,</strong></span> <span class='ocrx_word' id='word_1_300' title='bbox 649 2598 709 2641; x_wconf 91' lang='grc'><strong>10)</strong></span> 
     </span>
    </p>
   </div>
   <div class='ocr_carea' id='block_1_3' title="bbox 389 2639 1120 2682">
    <p class='ocr_par' dir='ltr' id='par_1_9' title="bbox 389 2639 1120 2682">
     <span class='ocr_line' id='line_1_55' title="bbox 389 2639 1120 2682; baseline -0.012 -5"><span class='ocrx_word' id='word_1_301' title='bbox 389 2644 525 2682; x_wconf 81' lang='lat' dir='ltr'><strong>Codrus,</strong></span> <span class='ocrx_word' id='word_1_302' title='bbox 535 2643 663 2674; x_wconf 81' lang='lat' dir='ltr'><strong>ultimus</strong></span> <span class='ocrx_word' id='word_1_303' title='bbox 672 2652 725 2674; x_wconf 85' lang='lat' dir='ltr'><strong>rex</strong></span> <span class='ocrx_word' id='word_1_304' title='bbox 734 2639 987 2677; x_wconf 72' lang='lat' dir='ltr'><strong>Atheniensium,</strong></span> <span class='ocrx_word' id='word_1_305' title='bbox 1001 2642 1099 2670; x_wconf 88' lang='lat' dir='ltr'><strong>morte</strong></span> <span class='ocrx_word' id='word_1_306' title='bbox 1116 2672 1120 2675; x_wconf 43' lang='lat'>‚</span> 
     </span>
    </p>
   </div>
   <div class='ocr_carea' id='block_1_4' title="bbox 392 2682 1102 2905">
    <p class='ocr_par' dir='ltr' id='par_1_10' title="bbox 392 2682 1102 2905">
     <span class='ocr_line' id='line_1_56' title="bbox 433 2682 1045 2725; baseline -0.008 -6"><span class='ocrx_word' id='word_1_307' title='bbox 433 2686 608 2719; x_wconf 86' lang='lat' dir='ltr'><strong>voluntaria</strong></span> <span class='ocrx_word' id='word_1_308' title='bbox 623 2685 685 2717; x_wconf 86' lang='lat' dir='ltr'><strong>suis</strong></span> <span class='ocrx_word' id='word_1_309' title='bbox 699 2684 859 2716; x_wconf 76' lang='lat' dir='ltr'><strong>victoriam</strong></span> <span class='ocrx_word' id='word_1_310' title='bbox 873 2690 962 2725; x_wconf 82' lang='lat' dir='ltr'><strong>parat</strong></span> <span class='ocrx_word' id='word_1_311' title='bbox 986 2682 1008 2720; x_wconf 89' lang='lat' dir='ltr'><strong>i,</strong></span> <span class='ocrx_word' id='word_1_312' title='bbox 1023 2684 1045 2714; x_wconf 87' lang='grc'><strong>2</strong></span> 
     </span>
     <span class='ocr_line' id='line_1_57' title="bbox 393 2725 1101 2771; baseline -0.01 -9"><span class='ocrx_word' id='word_1_313' title='bbox 393 2730 498 2767; x_wconf 72' lang='lat' dir='ltr'><strong>cmlii,</strong></span> <span class='ocrx_word' id='word_1_314' title='bbox 514 2729 565 2761; x_wconf 89' lang='lat' dir='ltr'><strong>M.</strong></span> <span class='ocrx_word' id='word_1_315' title='bbox 593 2727 700 2771; x_wconf 78' lang='lat' dir='ltr'><strong>(Rufi,</strong></span> <span class='ocrx_word' id='word_1_316' title='bbox 715 2725 887 2770; x_wconf 85' lang='lat' dir='ltr'><strong>praetoris,)</strong></span> <span class='ocrx_word' id='word_1_317' title='bbox 897 2725 1057 2768; x_wconf 85' lang='lat' dir='ltr'><strong>ingenium</strong></span> <span class='ocrx_word' id='word_1_318' title='bbox 1068 2728 1101 2756; x_wconf 89' lang='lat' dir='ltr'><strong>et</strong></span> 
     </span>
     <span class='ocr_line' id='line_1_58' title="bbox 432 2769 1102 2814; baseline -0.007 -10"><span class='ocrx_word' id='word_1_319' title='bbox 432 2783 544 2811; x_wconf 83' lang='lat' dir='ltr'><strong>mores,</strong></span> <span class='ocrx_word' id='word_1_320' title='bbox 558 2771 692 2814; x_wconf 84' lang='lat' dir='ltr'><strong>ejusque</strong></span> <span class='ocrx_word' id='word_1_321' title='bbox 706 2771 817 2804; x_wconf 84' lang='lat' dir='ltr'><strong>seditio</strong></span> <span class='ocrx_word' id='word_1_322' title='bbox 831 2770 865 2801; x_wconf 89' lang='lat' dir='ltr'><strong>in</strong></span> <span class='ocrx_word' id='word_1_323' title='bbox 879 2769 1045 2806; x_wconf 75' lang='lat' dir='ltr'><strong>Caesarem,</strong></span> <span class='ocrx_word' id='word_1_324' title='bbox 1068 2772 1102 2800; x_wconf 85' lang='lat' dir='ltr'><strong>et</strong></span> 
     </span>
     <span class='ocr_line' id='line_1_59' title="bbox 436 2815 658 2852; baseline 0.009 -6"><span class='ocrx_word' id='word_1_325' title='bbox 436 2816 539 2847; x_wconf 86' lang='lat' dir='ltr'><strong>exitus</strong></span> <span class='ocrx_word' id='word_1_326' title='bbox 565 2815 600 2852; x_wconf 86' lang='lat' dir='ltr'><strong>ii,</strong></span> <span class='ocrx_word' id='word_1_327' title='bbox 614 2818 658 2848; x_wconf 82' lang='lat'><strong>68</strong></span> 
     </span>
     <span class='ocr_line' id='line_1_60' title="bbox 392 2855 1045 2905; baseline -0.006 -15"><span class='ocrx_word' id='word_1_328' title='bbox 392 2857 509 2890; x_wconf 70' lang='lat' dir='ltr'><strong>Coelius</strong></span> <span class='ocrx_word' id='word_1_329' title='bbox 524 2858 579 2902; x_wconf 82' lang='lat' dir='ltr'><strong>(L.</strong></span> <span class='ocrx_word' id='word_1_330' title='bbox 594 2856 777 2901; x_wconf 72' lang='lat' dir='ltr'><strong>Antipater)</strong></span> <span class='ocrx_word' id='word_1_331' title='bbox 790 2856 953 2905; x_wconf 68' lang='lat' dir='ltr'><strong>historicus</strong></span> <span class='ocrx_word' id='word_1_332' title='bbox 975 2855 1009 2894; x_wconf 87' lang='lat' dir='ltr'><strong>ii,</strong></span> <span class='ocrx_word' id='word_1_333' title='bbox 1023 2857 1045 2887; x_wconf 88' lang='grc'><strong>9</strong></span> 
     </span>
    </p>
   </div>
   <div class='ocr_carea' id='block_1_5' title="bbox 1128 259 1308 291">
    <p class='ocr_par' dir='ltr' id='par_1_11' title="bbox 1128 259 1308 291">
     <span class='ocr_line' id='line_1_61' title="bbox 1128 259 1308 291; baseline -0.006 0"><span class='ocrx_word' id='word_1_334' title='bbox 1128 259 1308 291; x_wconf 85' lang='lat' dir='ltr'><strong>RERUM</strong></span> 
     </span>
    </p>
   </div>
   <div class='ocr_carea' id='block_1_6' title="bbox 1140 356 1884 2897">
    <p class='ocr_par' dir='ltr' id='par_1_12' title="bbox 1140 356 1715 400">
     <span class='ocr_line' id='line_1_62' title="bbox 1140 356 1715 400; baseline 0.01 -13"><span class='ocrx_word' id='word_1_335' title='bbox 1140 356 1257 388; x_wconf 83' lang='lat' dir='ltr'><strong>Coelius</strong></span> <span class='ocrx_word' id='word_1_336' title='bbox 1273 356 1340 399; x_wconf 87' lang='lat' dir='ltr'><strong>(M.</strong></span> <span class='ocrx_word' id='word_1_337' title='bbox 1354 356 1475 400; x_wconf 81' lang='lat' dir='ltr'><strong>Rufus)</strong></span> <span class='ocrx_word' id='word_1_338' title='bbox 1489 363 1592 390; x_wconf 86' lang='lat' dir='ltr'><strong>orator</strong></span> <span class='ocrx_word' id='word_1_339' title='bbox 1616 359 1650 398; x_wconf 76' lang='lat' dir='ltr'><strong>ii,</strong></span> <span class='ocrx_word' id='word_1_340' title='bbox 1665 361 1715 393; x_wconf 69' lang='lat'><strong>36</strong></span> 
     </span>
    </p>

    <p class='ocr_par' dir='ltr' id='par_1_13' title="bbox 1141 399 1561 439">
     <span class='ocr_line' id='line_1_63' title="bbox 1141 399 1561 439; baseline 0.01 -9"><span class='ocrx_word' id='word_1_341' title='bbox 1141 399 1271 431; x_wconf 79' lang='lat' dir='ltr'><strong>coenare</strong></span> <span class='ocrx_word' id='word_1_342' title='bbox 1286 401 1424 432; x_wconf 86' lang='lat' dir='ltr'><strong>sedendo</strong></span> <span class='ocrx_word' id='word_1_343' title='bbox 1447 401 1481 439; x_wconf 86' lang='lat' dir='ltr'><strong>ii,</strong></span> <span class='ocrx_word' id='word_1_344' title='bbox 1498 404 1561 434; x_wconf 90' lang='grc'><strong>114</strong></span> 
     </span>
    </p>

    <p class='ocr_par' dir='ltr' id='par_1_14' title="bbox 1140 443 1720 485">
     <span class='ocr_line' id='line_1_64' title="bbox 1140 443 1720 485; baseline 0.005 -10"><span class='ocrx_word' id='word_1_345' title='bbox 1140 443 1262 480; x_wconf 89' lang='lat' dir='ltr'><strong>Colchi,</strong></span> <span class='ocrx_word' id='word_1_346' title='bbox 1278 453 1297 474; x_wconf 81' lang='lat' dir='ltr'><strong>a</strong></span> <span class='ocrx_word' id='word_1_347' title='bbox 1311 443 1462 485; x_wconf 90' lang='lat' dir='ltr'><strong>Pompeio</strong></span> <span class='ocrx_word' id='word_1_348' title='bbox 1477 445 1527 476; x_wconf 89' lang='grc' dir='ltr'><strong>Μ.</strong></span> <span class='ocrx_word' id='word_1_349' title='bbox 1538 444 1613 477; x_wconf 85' lang='lat' dir='ltr'><strong>victi</strong></span> <span class='ocrx_word' id='word_1_350' title='bbox 1627 445 1662 483; x_wconf 89' lang='lat' dir='ltr'><strong>ii,</strong></span> <span class='ocrx_word' id='word_1_351' title='bbox 1675 448 1720 478; x_wconf 87' lang='grc'><strong>40</strong></span> 
     </span>
    </p>

    <p class='ocr_par' dir='ltr' id='par_1_15' title="bbox 1141 486 1854 571">
     <span class='ocr_line' id='line_1_65' title="bbox 1141 486 1854 529; baseline 0.007 -13"><span class='ocrx_word' id='word_1_352' title='bbox 1141 486 1265 517; x_wconf 84' lang='lat' dir='ltr'><strong>Collina</strong></span> <span class='ocrx_word' id='word_1_353' title='bbox 1277 492 1376 527; x_wconf 83' lang='lat' dir='ltr'><strong>porta,</strong></span> <span class='ocrx_word' id='word_1_354' title='bbox 1392 488 1430 518; x_wconf 87' lang='lat' dir='ltr'><strong>ad</strong></span> <span class='ocrx_word' id='word_1_355' title='bbox 1447 498 1540 529; x_wconf 89' lang='lat' dir='ltr'><strong>quam</strong></span> <span class='ocrx_word' id='word_1_356' title='bbox 1551 497 1624 519; x_wconf 84' lang='lat' dir='ltr'><strong>cum</strong></span> <span class='ocrx_word' id='word_1_357' title='bbox 1633 488 1749 520; x_wconf 87' lang='lat' dir='ltr'><strong>Pontio</strong></span> <span class='ocrx_word' id='word_1_358' title='bbox 1757 487 1854 521; x_wconf 65' lang='lat' dir='ltr'><strong>Tele«</strong></span> 
     </span>
     <span class='ocr_line' id='line_1_66' title="bbox 1184 529 1769 571; baseline 0.009 -12"><span class='ocrx_word' id='word_1_359' title='bbox 1184 529 1253 560; x_wconf 86' lang='lat' dir='ltr'><strong>sino</strong></span> <span class='ocrx_word' id='word_1_360' title='bbox 1267 529 1355 571; x_wconf 80' lang='lat' dir='ltr'><strong>Sylla</strong></span> <span class='ocrx_word' id='word_1_361' title='bbox 1368 530 1478 562; x_wconf 82' lang='lat' dir='ltr'><strong>acriter</strong></span> <span class='ocrx_word' id='word_1_362' title='bbox 1493 531 1654 563; x_wconf 82' lang='lat' dir='ltr'><strong>dimicavit</strong></span> <span class='ocrx_word' id='word_1_363' title='bbox 1678 531 1712 569; x_wconf 88' lang='lat' dir='ltr'><strong>ii,</strong></span> <span class='ocrx_word' id='word_1_364' title='bbox 1727 534 1769 564; x_wconf 74' lang='lat'><strong>27</strong></span> 
     </span>
    </p>

    <p class='ocr_par' dir='ltr' id='par_1_16' title="bbox 1142 572 1884 874">
     <span class='ocr_line' id='line_1_67' title="bbox 1142 572 1848 616; baseline 0.004 -13"><span class='ocrx_word' id='word_1_365' title='bbox 1142 572 1282 603; x_wconf 84' lang='lat' dir='ltr'><strong>Coloniae</strong></span> <span class='ocrx_word' id='word_1_366' title='bbox 1306 578 1430 604; x_wconf 85' lang='lat' dir='ltr'><strong>senatus</strong></span> <span class='ocrx_word' id='word_1_367' title='bbox 1450 573 1540 615; x_wconf 79' lang='lat' dir='ltr'><strong>jussu</strong></span> <span class='ocrx_word' id='word_1_368' title='bbox 1552 574 1697 606; x_wconf 79' lang='lat' dir='ltr'><strong>deductae</strong></span> <span class='ocrx_word' id='word_1_369' title='bbox 1713 584 1769 616; x_wconf 86' lang='lat' dir='ltr'><strong>per</strong></span> <span class='ocrx_word' id='word_1_370' title='bbox 1782 573 1848 605; x_wconf 79' lang='lat' dir='ltr'><strong>Ita-</strong></span> 
     </span>
     <span class='ocr_line' id='line_1_68' title="bbox 1185 615 1850 659; baseline 0.006 -14"><span class='ocrx_word' id='word_1_371' title='bbox 1185 615 1256 645; x_wconf 88' lang='lat' dir='ltr'><strong>liam</strong></span> <span class='ocrx_word' id='word_1_372' title='bbox 1281 622 1498 647; x_wconf 76' lang='lat' dir='ltr'><strong>enumerantur</strong></span> <span class='ocrx_word' id='word_1_373' title='bbox 1511 627 1583 648; x_wconf 88' lang='lat' dir='ltr'><strong>cum</strong></span> <span class='ocrx_word' id='word_1_374' title='bbox 1598 617 1744 659; x_wconf 77' lang='lat' dir='ltr'><strong>temporis</strong></span> <span class='ocrx_word' id='word_1_375' title='bbox 1758 621 1850 649; x_wconf 75' lang='lat' dir='ltr'><strong>nota-</strong></span> 
     </span>
     <span class='ocr_line' id='line_1_69' title="bbox 1185 658 1850 696; baseline 0.006 -8"><span class='ocrx_word' id='word_1_376' title='bbox 1185 658 1270 689; x_wconf 85' lang='lat' dir='ltr'><strong>tione</strong></span> <span class='ocrx_word' id='word_1_377' title='bbox 1296 658 1319 696; x_wconf 88' lang='lat' dir='ltr'><strong>i,</strong></span> <span class='ocrx_word' id='word_1_378' title='bbox 1336 661 1387 690; x_wconf 81' lang='lat'><strong>14.</strong></span> <span class='ocrx_word' id='word_1_379' title='bbox 1412 662 1450 690; x_wconf 85' lang='lat'><strong>16</strong></span> <span class='ocrx_word' id='word_1_380' title='bbox 1481 659 1627 692; x_wconf 83' lang='lat' dir='ltr'><strong>militares</strong></span> <span class='ocrx_word' id='word_1_381' title='bbox 1654 671 1674 692; x_wconf 83' lang='lat' dir='ltr'><strong>a</strong></span> <span class='ocrx_word' id='word_1_382' title='bbox 1697 661 1850 692; x_wconf 80' lang='lat' dir='ltr'><strong>veteranis</strong></span> 
     </span>
     <span class='ocr_line' id='line_1_70' title="bbox 1185 697 1850 746; baseline 0.008 -15"><span class='ocrx_word' id='word_1_383' title='bbox 1185 701 1328 733; x_wconf 71' lang='lat' dir='ltr'><strong>deductis</strong></span> <span class='ocrx_word' id='word_1_384' title='bbox 1341 702 1478 733; x_wconf 71' lang='lat' dir='ltr'><strong>conditae</strong></span> <span class='ocrx_word' id='word_1_385' title='bbox 1492 702 1567 734; x_wconf 75' lang='lat' dir='ltr'><strong>inde</strong></span> <span class='ocrx_word' id='word_1_386' title='bbox 1582 714 1602 734; x_wconf 71' lang='lat' dir='ltr'><strong>a</strong></span> <span class='ocrx_word' id='word_1_387' title='bbox 1615 697 1712 746; x_wconf 65' lang='lat' dir='ltr'>8511ae</span> <span class='ocrx_word' id='word_1_388' title='bbox 1726 707 1850 745; x_wconf 79' lang='lat' dir='ltr'><strong>tempo-</strong></span> 
     </span>
     <span class='ocr_line' id='line_1_71' title="bbox 1185 744 1851 783; baseline 0.006 -9"><span class='ocrx_word' id='word_1_389' title='bbox 1185 744 1283 782; x_wconf 75' lang='lat' dir='ltr'><strong>ribus,</strong></span> <span class='ocrx_word' id='word_1_390' title='bbox 1305 755 1333 774; x_wconf 88' lang='lat' dir='ltr'><strong>v.</strong></span> <span class='ocrx_word' id='word_1_391' title='bbox 1357 755 1385 775; x_wconf 92' lang='lat' dir='ltr'><strong>c.</strong></span> <span class='ocrx_word' id='word_1_392' title='bbox 1419 745 1557 776; x_wconf 83' lang='lat' dir='ltr'><strong>Colonia</strong></span> <span class='ocrx_word' id='word_1_393' title='bbox 1584 746 1851 783; x_wconf 70' lang='lat' dir='ltr'><strong>Decumanoruur,</strong></span> 
     </span>
     <span class='ocr_line' id='line_1_72' title="bbox 1186 786 1884 829; baseline 0.003 -11"><span class='ocrx_word' id='word_1_394' title='bbox 1186 787 1258 819; x_wconf 83' lang='lat' dir='ltr'><strong>Col.</strong></span> <span class='ocrx_word' id='word_1_395' title='bbox 1296 786 1439 829; x_wconf 87' lang='lat' dir='ltr'><strong>Augusta</strong></span> <span class='ocrx_word' id='word_1_396' title='bbox 1462 787 1599 820; x_wconf 76' lang='lat' dir='ltr'><strong>Emerita</strong></span> <span class='ocrx_word' id='word_1_397' title='bbox 1633 789 1723 826; x_wconf 50' lang='lat' dir='ltr'><strong>isla</strong></span> <span class='ocrx_word' id='word_1_398' title='bbox 1764 793 1852 821; x_wconf 81' lang='lat' dir='ltr'><strong>extra</strong></span> <span class='ocrx_word' id='word_1_399' title='bbox 1880 824 1884 827; x_wconf 48' lang='grc'><em>,</em></span> 
     </span>
     <span class='ocr_line' id='line_1_73' title="bbox 1186 829 1850 874; baseline 0.006 -14"><span class='ocrx_word' id='word_1_400' title='bbox 1186 829 1310 862; x_wconf 87' lang='lat' dir='ltr'><strong>ltaliam</strong></span> <span class='ocrx_word' id='word_1_401' title='bbox 1344 831 1371 868; x_wconf 75' lang='lat' dir='ltr'><strong>i,</strong></span> <span class='ocrx_word' id='word_1_402' title='bbox 1395 833 1433 862; x_wconf 85' lang='lat'><strong>15</strong></span> <span class='ocrx_word' id='word_1_403' title='bbox 1467 841 1579 873; x_wconf 79' lang='lat' dir='ltr'><strong>eaeque</strong></span> <span class='ocrx_word' id='word_1_404' title='bbox 1599 832 1781 874; x_wconf 66' lang='lat' dir='ltr'><strong>perniciosa</strong></span> <span class='ocrx_word' id='word_1_405' title='bbox 1815 832 1850 869; x_wconf 89' lang='lat' dir='ltr'><strong>ii,</strong></span> 
     </span>
    </p>

    <p class='ocr_par' dir='ltr' id='par_1_17' title="bbox 1143 915 1743 958">
     <span class='ocr_line' id='line_1_74' title="bbox 1143 915 1743 958; baseline 0.003 -10"><span class='ocrx_word' id='word_1_406' title='bbox 1143 915 1321 958; x_wconf 90' lang='lat' dir='ltr'><strong>Colophon,</strong></span> <span class='ocrx_word' id='word_1_407' title='bbox 1337 917 1376 947; x_wconf 89' lang='lat' dir='ltr'><strong>ab</strong></span> <span class='ocrx_word' id='word_1_408' title='bbox 1388 915 1518 948; x_wconf 81' lang='lat' dir='ltr'><strong>Ionibus</strong></span> <span class='ocrx_word' id='word_1_409' title='bbox 1535 917 1663 948; x_wconf 78' lang='lat' dir='ltr'><strong>condita</strong></span> <span class='ocrx_word' id='word_1_410' title='bbox 1685 917 1743 956; x_wconf 55' lang='lat' dir='ltr'><strong>i„4</strong></span> 
     </span>
    </p>

    <p class='ocr_par' dir='ltr' id='par_1_18' title="bbox 1142 958 1852 1040">
     <span class='ocr_line' id='line_1_75' title="bbox 1142 958 1852 992; baseline 0.001 -1"><span class='ocrx_word' id='word_1_411' title='bbox 1142 958 1306 991; x_wconf 88' lang='lat' dir='ltr'><strong>Columbae</strong></span> <span class='ocrx_word' id='word_1_412' title='bbox 1317 959 1423 990; x_wconf 89' lang='lat' dir='ltr'><strong>volatu</strong></span> <span class='ocrx_word' id='word_1_413' title='bbox 1437 960 1543 992; x_wconf 84' lang='lat' dir='ltr'><strong>classis</strong></span> <span class='ocrx_word' id='word_1_414' title='bbox 1557 960 1738 992; x_wconf 84' lang='lat' dir='ltr'><strong>colonorum</strong></span> <span class='ocrx_word' id='word_1_415' title='bbox 1751 959 1852 992; x_wconf 84' lang='lat' dir='ltr'><strong>direc-</strong></span> 
     </span>
     <span class='ocr_line' id='line_1_76' title="bbox 1187 1003 1303 1040; baseline 0.017 -8"><span class='ocrx_word' id='word_1_416' title='bbox 1187 1007 1219 1033; x_wconf 89' lang='lat' dir='ltr'><strong>ta</strong></span> <span class='ocrx_word' id='word_1_417' title='bbox 1245 1003 1266 1040; x_wconf 91' lang='lat' dir='ltr'><strong>i,</strong></span> <span class='ocrx_word' id='word_1_418' title='bbox 1282 1006 1303 1034; x_wconf 90' lang='grc'>4</span> 
     </span>
    </p>

    <p class='ocr_par' dir='ltr' id='par_1_19' title="bbox 1144 1044 1852 1218">
     <span class='ocr_line' id='line_1_77' title="bbox 1144 1044 1850 1087; baseline 0.004 -12"><span class='ocrx_word' id='word_1_419' title='bbox 1144 1044 1279 1076; x_wconf 87' lang='lat' dir='ltr'><strong>Comitia</strong></span> <span class='ocrx_word' id='word_1_420' title='bbox 1294 1045 1405 1087; x_wconf 80' lang='lat' dir='ltr'><strong>gladiis</strong></span> <span class='ocrx_word' id='word_1_421' title='bbox 1427 1051 1459 1077; x_wconf 88' lang='lat' dir='ltr'><strong>et</strong></span> <span class='ocrx_word' id='word_1_422' title='bbox 1477 1046 1566 1077; x_wconf 84' lang='lat' dir='ltr'><strong>caede</strong></span> <span class='ocrx_word' id='word_1_423' title='bbox 1587 1046 1731 1078; x_wconf 51' lang='lat' dir='ltr'><strong>discussa¹</strong></span> <span class='ocrx_word' id='word_1_424' title='bbox 1757 1046 1797 1084; x_wconf 64' lang='lat' dir='ltr'><strong>ii,</strong></span> <span class='ocrx_word' id='word_1_425' title='bbox 1808 1048 1850 1078; x_wconf 85' lang='grc'><strong>12</strong></span> 
     </span>
     <span class='ocr_line' id='line_1_78' title="bbox 1187 1088 1852 1131; baseline 0.002 -12"><span class='ocrx_word' id='word_1_426' title='bbox 1187 1090 1389 1119; x_wconf 83' lang='lat' dir='ltr'><strong>creandorum</strong></span> <span class='ocrx_word' id='word_1_427' title='bbox 1433 1090 1667 1131; x_wconf 83' lang='lat' dir='ltr'><strong>magistratuum</strong></span> <span class='ocrx_word' id='word_1_428' title='bbox 1709 1100 1750 1121; x_wconf 86' lang='lat' dir='ltr'><strong>ex</strong></span> <span class='ocrx_word' id='word_1_429' title='bbox 1785 1088 1852 1120; x_wconf 92' lang='lat' dir='ltr'><strong>Au-</strong></span> 
     </span>
     <span class='ocr_line' id='line_1_79' title="bbox 1188 1131 1852 1173; baseline 0.003 -11"><span class='ocrx_word' id='word_1_430' title='bbox 1188 1132 1268 1173; x_wconf 84' lang='lat' dir='ltr'><strong>gusti</strong></span> <span class='ocrx_word' id='word_1_431' title='bbox 1291 1132 1470 1173; x_wconf 69' lang='lat' dir='ltr'><strong>pnescripto</strong></span> <span class='ocrx_word' id='word_1_432' title='bbox 1494 1133 1675 1164; x_wconf 83' lang='lat' dir='ltr'><strong>ordinantur</strong></span> <span class='ocrx_word' id='word_1_433' title='bbox 1687 1142 1708 1164; x_wconf 85' lang='lat' dir='ltr'><strong>a</strong></span> <span class='ocrx_word' id='word_1_434' title='bbox 1727 1131 1852 1164; x_wconf 79' lang='lat' dir='ltr'><strong>Tiberio</strong></span> 
     </span>
     <span class='ocr_line' id='line_1_80' title="bbox 1186 1174 1572 1218; baseline 0.003 -13"><span class='ocrx_word' id='word_1_435' title='bbox 1186 1175 1221 1212; x_wconf 89' lang='lat' dir='ltr'><strong>ii,</strong></span> <span class='ocrx_word' id='word_1_436' title='bbox 1237 1177 1300 1207; x_wconf 72' lang='grc' dir='ltr'><strong>124ι</strong></span> <span class='ocrx_word' id='word_1_437' title='bbox 1322 1175 1381 1217; x_wconf 83' lang='lat' dir='ltr'><strong>(cf.</strong></span> <span class='ocrx_word' id='word_1_438' title='bbox 1396 1174 1469 1206; x_wconf 81' lang='lat' dir='ltr'><strong>Iud.</strong></span> <span class='ocrx_word' id='word_1_439' title='bbox 1484 1175 1572 1218; x_wconf 87' lang='lat' dir='ltr'><strong>Lat.)</strong></span> 
     </span>
    </p>

    <p class='ocr_par' dir='ltr' id='par_1_20' title="bbox 1144 1217 1852 1302">
     <span class='ocr_line' id='line_1_81' title="bbox 1144 1217 1852 1251; baseline -0.001 -1"><span class='ocrx_word' id='word_1_440' title='bbox 1144 1217 1314 1250; x_wconf 80' lang='lat' dir='ltr'><strong>Comoediae</strong></span> <span class='ocrx_word' id='word_1_441' title='bbox 1345 1218 1456 1249; x_wconf 83' lang='lat' dir='ltr'><strong>veteris</strong></span> <span class='ocrx_word' id='word_1_442' title='bbox 1482 1224 1515 1250; x_wconf 89' lang='lat' dir='ltr'><strong>et</strong></span> <span class='ocrx_word' id='word_1_443' title='bbox 1541 1229 1633 1250; x_wconf 77' lang='lat' dir='ltr'><strong>novae</strong></span> <span class='ocrx_word' id='word_1_444' title='bbox 1670 1217 1852 1251; x_wconf 77' lang='lat' dir='ltr'><strong>Graecorum</strong></span> 
     </span>
     <span class='ocr_line' id='line_1_82' title="bbox 1187 1261 1398 1302; baseline 0.009 -11"><span class='ocrx_word' id='word_1_445' title='bbox 1187 1261 1292 1302; x_wconf 70' lang='lat' dir='ltr'><strong>poetae</strong></span> <span class='ocrx_word' id='word_1_446' title='bbox 1318 1261 1346 1298; x_wconf 70' lang='lat' dir='ltr'><strong>i,⁴</strong></span> <span class='ocrx_word' id='word_1_447' title='bbox 1358 1264 1398 1293; x_wconf 84' lang='lat'><strong>16</strong></span> 
     </span>
    </p>

    <p class='ocr_par' dir='ltr' id='par_1_21' title="bbox 1144 1303 1853 1390">
     <span class='ocr_line' id='line_1_83' title="bbox 1144 1303 1853 1347; baseline 0.001 -13"><span class='ocrx_word' id='word_1_448' title='bbox 1144 1303 1280 1345; x_wconf 86' lang='lat' dir='ltr'><strong>Compsa</strong></span> <span class='ocrx_word' id='word_1_449' title='bbox 1294 1304 1327 1334; x_wconf 90' lang='lat' dir='ltr'><strong>in</strong></span> <span class='ocrx_word' id='word_1_450' title='bbox 1343 1304 1484 1345; x_wconf 78' lang='lat' dir='ltr'><strong>Hirpinis</strong></span> <span class='ocrx_word' id='word_1_451' title='bbox 1498 1315 1517 1335; x_wconf 88' lang='lat' dir='ltr'><strong>a</strong></span> <span class='ocrx_word' id='word_1_452' title='bbox 1530 1305 1667 1336; x_wconf 78' lang='lat' dir='ltr'><strong>Minatio</strong></span> <span class='ocrx_word' id='word_1_453' title='bbox 1687 1305 1802 1347; x_wconf 81' lang='lat' dir='ltr'><strong>Magio</strong></span> <span class='ocrx_word' id='word_1_454' title='bbox 1819 1304 1853 1335; x_wconf 85' lang='lat' dir='ltr'><strong>in</strong></span> 
     </span>
     <span class='ocr_line' id='line_1_84' title="bbox 1187 1347 1852 1390; baseline 0.002 -13"><span class='ocrx_word' id='word_1_455' title='bbox 1187 1347 1270 1378; x_wconf 90' lang='lat' dir='ltr'><strong>bello</strong></span> <span class='ocrx_word' id='word_1_456' title='bbox 1285 1347 1392 1378; x_wconf 88' lang='lat' dir='ltr'><strong>sociali</strong></span> <span class='ocrx_word' id='word_1_457' title='bbox 1406 1353 1560 1390; x_wconf 86' lang='lat' dir='ltr'><strong>occupata</strong></span> <span class='ocrx_word' id='word_1_458' title='bbox 1583 1348 1618 1386; x_wconf 87' lang='lat' dir='ltr'><strong>ii,</strong></span> <span class='ocrx_word' id='word_1_459' title='bbox 1632 1350 1673 1380; x_wconf 83' lang='lat'><strong>16</strong></span> <span class='ocrx_word' id='word_1_460' title='bbox 1695 1358 1715 1380; x_wconf 78' lang='lat' dir='ltr'><strong>a</strong></span> <span class='ocrx_word' id='word_1_461' title='bbox 1730 1347 1852 1380; x_wconf 86' lang='lat' dir='ltr'><strong>Milone</strong></span> 
     </span>
    </p>

    <p class='ocr_par' dir='ltr' id='par_1_22' title="bbox 1146 1394 1852 1518">
     <span class='ocr_line' id='line_1_85' title="bbox 1146 1394 1852 1476; baseline -0.001 -11"><span class='ocrx_word' id='word_1_462' title='bbox 1146 1395 1370 1466; x_wconf 48' lang='lat' dir='ltr'><strong>Coffii&#39;sslgeiirtg</strong></span> <span class='ocrx_word' id='word_1_463' title='bbox 1386 1394 1502 1464; x_wconf 56' lang='lat' dir='ltr'><strong>ii&#39;rb‘fei&#39;n</strong></span> <span class='ocrx_word' id='word_1_464' title='bbox 1518 1437 1591 1465; x_wconf 80' lang='lat' dir='ltr'><strong>ante</strong></span> <span class='ocrx_word' id='word_1_465' title='bbox 1606 1433 1754 1476; x_wconf 71' lang='lat' dir='ltr'><strong>triumphi</strong></span> <span class='ocrx_word' id='word_1_466' title='bbox 1768 1433 1852 1465; x_wconf 74' lang='lat' dir='ltr'><strong>diem</strong></span> 
     </span>
     <span class='ocr_line' id='line_1_86' title="bbox 1188 1476 1852 1518; baseline -0.002 -10"><span class='ocrx_word' id='word_1_467' title='bbox 1188 1477 1229 1508; x_wconf 89' lang='lat' dir='ltr'><strong>ad</strong></span> <span class='ocrx_word' id='word_1_468' title='bbox 1244 1477 1515 1508; x_wconf 84' lang='lat' dir='ltr'><strong>commemoranda</strong></span> <span class='ocrx_word' id='word_1_469' title='bbox 1528 1476 1722 1518; x_wconf 83' lang='lat' dir='ltr'><strong>imperatoris</strong></span> <span class='ocrx_word' id='word_1_470' title='bbox 1733 1482 1804 1509; x_wconf 79' lang='lat' dir='ltr'><strong>acta</strong></span> <span class='ocrx_word' id='word_1_471' title='bbox 1830 1476 1852 1514; x_wconf 87' lang='lat' dir='ltr'><strong>i,</strong></span> 
     </span>
    </p>

    <p class='ocr_par' dir='ltr' id='par_1_23' title="bbox 1145 1561 1845 1604">
     <span class='ocr_line' id='line_1_87' title="bbox 1145 1561 1845 1604; baseline 0.003 -11"><span class='ocrx_word' id='word_1_472' title='bbox 1145 1562 1312 1604; x_wconf 85' lang='lat' dir='ltr'><strong>Congiaria</strong></span> <span class='ocrx_word' id='word_1_473' title='bbox 1327 1561 1445 1603; x_wconf 89' lang='lat' dir='ltr'><strong>populo</strong></span> <span class='ocrx_word' id='word_1_474' title='bbox 1460 1561 1535 1592; x_wconf 84' lang='lat' dir='ltr'><strong>data</strong></span> <span class='ocrx_word' id='word_1_475' title='bbox 1550 1572 1569 1592; x_wconf 86' lang='lat' dir='ltr'><strong>a</strong></span> <span class='ocrx_word' id='word_1_476' title='bbox 1579 1561 1704 1593; x_wconf 86' lang='lat' dir='ltr'><strong>Tiberio</strong></span> <span class='ocrx_word' id='word_1_477' title='bbox 1729 1562 1765 1600; x_wconf 85' lang='lat' dir='ltr'><strong>ii,</strong></span> <span class='ocrx_word' id='word_1_478' title='bbox 1781 1564 1845 1595; x_wconf 83' lang='lat'><strong>129</strong></span> 
     </span>
    </p>

    <p class='ocr_par' dir='ltr' id='par_1_24' title="bbox 1146 1605 1859 1815">
     <span class='ocr_line' id='line_1_88' title="bbox 1146 1605 1854 1646; baseline -0.001 -9"><span class='ocrx_word' id='word_1_479' title='bbox 1146 1605 1309 1646; x_wconf 83' lang='lat' dir='ltr'><strong>Conjurati</strong></span> <span class='ocrx_word' id='word_1_480' title='bbox 1334 1606 1367 1635; x_wconf 88' lang='lat' dir='ltr'><strong>in</strong></span> <span class='ocrx_word' id='word_1_481' title='bbox 1391 1605 1545 1637; x_wconf 88' lang='lat' dir='ltr'><strong>Caesarem</strong></span> <span class='ocrx_word' id='word_1_482' title='bbox 1565 1605 1607 1636; x_wconf 86' lang='lat' dir='ltr'><strong>de</strong></span> <span class='ocrx_word' id='word_1_483' title='bbox 1621 1615 1654 1636; x_wconf 81' lang='lat' dir='ltr'><strong>se</strong></span> <span class='ocrx_word' id='word_1_484' title='bbox 1667 1605 1750 1636; x_wconf 82' lang='lat' dir='ltr'><strong>bene</strong></span> <span class='ocrx_word' id='word_1_485' title='bbox 1764 1606 1854 1637; x_wconf 65' lang='lat' dir='ltr'><strong>meri·</strong></span> 
     </span>
     <span class='ocr_line' id='line_1_89' title="bbox 1189 1647 1854 1692; baseline 0 -13"><span class='ocrx_word' id='word_1_486' title='bbox 1189 1653 1259 1692; x_wconf 58' lang='lat' dir='ltr'><strong>turri</strong></span> <span class='ocrx_word' id='word_1_487' title='bbox 1279 1649 1314 1685; x_wconf 91' lang='lat' dir='ltr'><strong>ii,</strong></span> <span class='ocrx_word' id='word_1_488' title='bbox 1341 1651 1383 1680; x_wconf 86' lang='grc'><strong>56</strong></span> <span class='ocrx_word' id='word_1_489' title='bbox 1418 1647 1608 1689; x_wconf 82' lang='lat' dir='ltr'><strong>Capitolium</strong></span> <span class='ocrx_word' id='word_1_490' title='bbox 1632 1653 1790 1691; x_wconf 87' lang='lat' dir='ltr'><strong>occupant</strong></span> <span class='ocrx_word' id='word_1_491' title='bbox 1818 1648 1854 1685; x_wconf 85' lang='lat' dir='ltr'><strong>ii,</strong></span> 
     </span>
     <span class='ocr_line' id='line_1_90' title="bbox 1189 1690 1857 1733; baseline -0.003 -9"><span class='ocrx_word' id='word_1_492' title='bbox 1189 1696 1231 1724; x_wconf 82' lang='lat'><strong>58</strong></span> <span class='ocrx_word' id='word_1_493' title='bbox 1262 1692 1336 1723; x_wconf 88' lang='lat' dir='ltr'><strong>inde</strong></span> <span class='ocrx_word' id='word_1_494' title='bbox 1351 1691 1558 1729; x_wconf 82' lang='lat' dir='ltr'><strong>descendunt,</strong></span> <span class='ocrx_word' id='word_1_495' title='bbox 1568 1691 1645 1722; x_wconf 88' lang='lat' dir='ltr'><strong>ibid.</strong></span> <span class='ocrx_word' id='word_1_496' title='bbox 1675 1691 1746 1733; x_wconf 82' lang='lat' dir='ltr'><strong>lege</strong></span> <span class='ocrx_word' id='word_1_497' title='bbox 1756 1690 1857 1723; x_wconf 78' lang='lat' dir='ltr'><strong>Pedia</strong></span> 
     </span>
     <span class='ocr_line' id='line_1_91' title="bbox 1190 1734 1859 1772; baseline -0.001 -6"><span class='ocrx_word' id='word_1_498' title='bbox 1190 1735 1330 1766; x_wconf 84' lang='lat' dir='ltr'><strong>damnati</strong></span> <span class='ocrx_word' id='word_1_499' title='bbox 1351 1735 1385 1772; x_wconf 89' lang='lat' dir='ltr'><strong>ii,</strong></span> <span class='ocrx_word' id='word_1_500' title='bbox 1397 1738 1439 1767; x_wconf 87' lang='grc'><strong>69</strong></span> <span class='ocrx_word' id='word_1_501' title='bbox 1461 1734 1682 1766; x_wconf 81' lang='lat' dir='ltr'><strong>nonnullorum</strong></span> <span class='ocrx_word' id='word_1_502' title='bbox 1693 1735 1797 1766; x_wconf 76' lang='lat' dir='ltr'><strong>exitus</strong></span> <span class='ocrx_word' id='word_1_503' title='bbox 1820 1734 1859 1772; x_wconf 71' lang='lat' dir='ltr'><strong>ii,</strong></span> 
     </span>
     <span class='ocr_line' id='line_1_92' title="bbox 1192 1777 1508 1815; baseline -0.003 -5"><span class='ocrx_word' id='word_1_504' title='bbox 1192 1781 1232 1810; x_wconf 87' lang='grc'><strong>87</strong></span> <span class='ocrx_word' id='word_1_505' title='bbox 1257 1777 1330 1809; x_wconf 85' lang='lat' dir='ltr'><strong>coll.</strong></span> <span class='ocrx_word' id='word_1_506' title='bbox 1346 1778 1380 1815; x_wconf 90' lang='lat' dir='ltr'><strong>ii,</strong></span> <span class='ocrx_word' id='word_1_507' title='bbox 1394 1780 1449 1810; x_wconf 77' lang='lat'><strong>64.</strong></span> <span class='ocrx_word' id='word_1_508' title='bbox 1464 1780 1508 1809; x_wconf 80' lang='lat'><strong>69</strong></span> 
     </span>
    </p>

    <p class='ocr_par' dir='ltr' id='par_1_25' title="bbox 1150 1820 1877 1862">
     <span class='ocr_line' id='line_1_93' title="bbox 1150 1820 1877 1862; baseline 0.003 -9"><span class='ocrx_word' id='word_1_509' title='bbox 1150 1820 1350 1853; x_wconf 87' lang='lat' dir='ltr'><strong>Consecratio</strong></span> <span class='ocrx_word' id='word_1_510' title='bbox 1363 1820 1499 1862; x_wconf 79' lang='lat' dir='ltr'><strong>Augusti</strong></span> <span class='ocrx_word' id='word_1_511' title='bbox 1524 1820 1558 1858; x_wconf 90' lang='lat' dir='ltr'><strong>ii,</strong></span> <span class='ocrx_word' id='word_1_512' title='bbox 1573 1822 1638 1853; x_wconf 82' lang='lat'><strong>126</strong></span> <span class='ocrx_word' id='word_1_513' title='bbox 1870 1848 1877 1855; x_wconf 86' lang='lat'><strong>.</strong></span> 
     </span>
    </p>

    <p class='ocr_par' dir='ltr' id='par_1_26' title="bbox 1150 1862 1856 1992">
     <span class='ocr_line' id='line_1_94' title="bbox 1150 1862 1854 1904; baseline -0.003 -9"><span class='ocrx_word' id='word_1_514' title='bbox 1150 1863 1270 1895; x_wconf 81' lang='lat' dir='ltr'><strong>Consul</strong></span> <span class='ocrx_word' id='word_1_515' title='bbox 1283 1863 1446 1895; x_wconf 84' lang='lat' dir='ltr'><strong>Romanus</strong></span> <span class='ocrx_word' id='word_1_516' title='bbox 1466 1863 1582 1904; x_wconf 85' lang='lat' dir='ltr'><strong>primus</strong></span> <span class='ocrx_word' id='word_1_517' title='bbox 1595 1874 1615 1895; x_wconf 85' lang='lat' dir='ltr'><strong>a</strong></span> <span class='ocrx_word' id='word_1_518' title='bbox 1627 1862 1777 1895; x_wconf 76' lang='lat' dir='ltr'><strong>militibus</strong></span> <span class='ocrx_word' id='word_1_519' title='bbox 1791 1862 1854 1894; x_wconf 82' lang='lat' dir='ltr'><strong>suis</strong></span> 
     </span>
     <span class='ocr_line' id='line_1_95' title="bbox 1192 1905 1856 1948; baseline -0.002 -11"><span class='ocrx_word' id='word_1_520' title='bbox 1192 1907 1374 1939; x_wconf 81' lang='lat' dir='ltr'><strong>interfectus</strong></span> <span class='ocrx_word' id='word_1_521' title='bbox 1398 1907 1432 1944; x_wconf 89' lang='lat' dir='ltr'><strong>ii,</strong></span> <span class='ocrx_word' id='word_1_522' title='bbox 1447 1909 1491 1939; x_wconf 88' lang='grc'>20</span> <span class='ocrx_word' id='word_1_523' title='bbox 1514 1907 1608 1945; x_wconf 79' lang='lat' dir='ltr'><strong>solus,</strong></span> <span class='ocrx_word' id='word_1_524' title='bbox 1623 1905 1795 1948; x_wconf 83' lang='lat' dir='ltr'><strong>Pompeius</strong></span> <span class='ocrx_word' id='word_1_525' title='bbox 1819 1905 1856 1943; x_wconf 82' lang='lat' dir='ltr'><strong>ii,</strong></span> 
     </span>
     <span class='ocr_line' id='line_1_96' title="bbox 1192 1949 1658 1992; baseline -0.002 -9"><span class='ocrx_word' id='word_1_526' title='bbox 1192 1953 1238 1983; x_wconf 75' lang='grc'>47</span> <span class='ocrx_word' id='word_1_527' title='bbox 1257 1961 1295 1981; x_wconf 85' lang='lat' dir='ltr'><strong>ex</strong></span> <span class='ocrx_word' id='word_1_528' title='bbox 1311 1950 1430 1992; x_wconf 82' lang='lat' dir='ltr'><strong>privato</strong></span> <span class='ocrx_word' id='word_1_529' title='bbox 1443 1949 1545 1981; x_wconf 79' lang='lat' dir='ltr'><strong>factus</strong></span> <span class='ocrx_word' id='word_1_530' title='bbox 1566 1950 1601 1987; x_wconf 82' lang='lat' dir='ltr'><strong>ii,</strong></span> <span class='ocrx_word' id='word_1_531' title='bbox 1617 1953 1658 1982; x_wconf 80' lang='lat'><strong>51</strong></span> 
     </span>
    </p>

    <p class='ocr_par' dir='ltr' id='par_1_27' title="bbox 1149 1991 1854 2078">
     <span class='ocr_line' id='line_1_97' title="bbox 1149 1991 1854 2035; baseline -0.003 -10"><span class='ocrx_word' id='word_1_532' title='bbox 1149 1993 1339 2025; x_wconf 79' lang='lat' dir='ltr'><strong>Consulatus</strong></span> <span class='ocrx_word' id='word_1_533' title='bbox 1353 1992 1448 2024; x_wconf 88' lang='lat' dir='ltr'><strong>Marii</strong></span> <span class='ocrx_word' id='word_1_534' title='bbox 1462 1993 1661 2035; x_wconf 81' lang='lat' dir='ltr'><strong>multiplicati</strong></span> <span class='ocrx_word' id='word_1_535' title='bbox 1681 1991 1773 2030; x_wconf 75' lang='lat' dir='ltr'><strong>ii,.12</strong></span> <span class='ocrx_word' id='word_1_536' title='bbox 1794 2001 1854 2023; x_wconf 88' lang='lat' dir='ltr'><strong>un-</strong></span> 
     </span>
     <span class='ocr_line' id='line_1_98' title="bbox 1191 2035 1752 2078; baseline 0 -10"><span class='ocrx_word' id='word_1_537' title='bbox 1191 2037 1295 2068; x_wconf 89' lang='lat' dir='ltr'><strong>decim</strong></span> <span class='ocrx_word' id='word_1_538' title='bbox 1307 2036 1444 2078; x_wconf 79' lang='lat' dir='ltr'><strong>Augusti</strong></span> <span class='ocrx_word' id='word_1_539' title='bbox 1458 2036 1633 2067; x_wconf 78' lang='lat' dir='ltr'><strong>continuati</strong></span> <span class='ocrx_word' id='word_1_540' title='bbox 1658 2035 1700 2073; x_wconf 42' lang='lat' dir='ltr'><strong>iis</strong></span> <span class='ocrx_word' id='word_1_541' title='bbox 1708 2038 1752 2068; x_wconf 82' lang='lat'><strong>89</strong></span> 
     </span>
    </p>

    <p class='ocr_par' dir='ltr' id='par_1_28' title="bbox 1150 2076 1852 2164">
     <span class='ocr_line' id='line_1_99' title="bbox 1150 2076 1852 2120; baseline -0.004 -9"><span class='ocrx_word' id='word_1_542' title='bbox 1150 2080 1330 2118; x_wconf 85' lang='lat' dir='ltr'><strong>Contrebia,</strong></span> <span class='ocrx_word' id='word_1_543' title='bbox 1359 2080 1393 2110; x_wconf 91' lang='lat' dir='ltr'><strong>in</strong></span> <span class='ocrx_word' id='word_1_544' title='bbox 1419 2078 1594 2120; x_wconf 66' lang='lat' dir='ltr'><strong>Hispania,⁴</strong></span> <span class='ocrx_word' id='word_1_545' title='bbox 1609 2089 1629 2110; x_wconf 88' lang='lat' dir='ltr'><strong>a</strong></span> <span class='ocrx_word' id='word_1_546' title='bbox 1653 2078 1696 2116; x_wconf 81' lang='lat' dir='ltr'><strong>Q.</strong></span> <span class='ocrx_word' id='word_1_547' title='bbox 1719 2076 1852 2109; x_wconf 71' lang='lat' dir='ltr'><strong>Metello</strong></span> 
     </span>
     <span class='ocr_line' id='line_1_100' title="bbox 1192 2121 1693 2164; baseline 0 -10"><span class='ocrx_word' id='word_1_548' title='bbox 1192 2123 1404 2154; x_wconf 89' lang='lat' dir='ltr'><strong>Macedonico</strong></span> <span class='ocrx_word' id='word_1_549' title='bbox 1418 2126 1601 2164; x_wconf 79' lang='lat' dir='ltr'><strong>oppugnata</strong></span> <span class='ocrx_word' id='word_1_550' title='bbox 1623 2121 1657 2159; x_wconf 90' lang='lat' dir='ltr'><strong>ii,</strong></span> <span class='ocrx_word' id='word_1_551' title='bbox 1673 2125 1693 2154; x_wconf 77' lang='lat'><strong>5</strong></span> 
     </span>
    </p>

    <p class='ocr_par' dir='ltr' id='par_1_29' title="bbox 1150 2164 1750 2207">
     <span class='ocr_line' id='line_1_101' title="bbox 1150 2164 1750 2207; baseline -0.003 -9"><span class='ocrx_word' id='word_1_552' title='bbox 1150 2166 1285 2207; x_wconf 90' lang='lat' dir='ltr'><strong>Coponii</strong></span> <span class='ocrx_word' id='word_1_553' title='bbox 1298 2165 1418 2196; x_wconf 88' lang='lat' dir='ltr'><strong>dictum</strong></span> <span class='ocrx_word' id='word_1_554' title='bbox 1431 2166 1465 2195; x_wconf 89' lang='lat' dir='ltr'><strong>in</strong></span> <span class='ocrx_word' id='word_1_555' title='bbox 1480 2165 1632 2196; x_wconf 81' lang='lat' dir='ltr'><strong>Plancum</strong></span> <span class='ocrx_word' id='word_1_556' title='bbox 1657 2164 1694 2202; x_wconf 91' lang='lat' dir='ltr'><strong>ii,</strong></span> <span class='ocrx_word' id='word_1_557' title='bbox 1708 2166 1750 2196; x_wconf 74' lang='lat'><strong>83</strong></span> 
     </span>
    </p>

    <p class='ocr_par' dir='ltr' id='par_1_30' title="bbox 1149 2206 1856 2335">
     <span class='ocr_line' id='line_1_102' title="bbox 1149 2206 1856 2251; baseline -0.006 -10"><span class='ocrx_word' id='word_1_558' title='bbox 1149 2209 1320 2241; x_wconf 87' lang='lat' dir='ltr'><strong>Corfinium</strong></span> <span class='ocrx_word' id='word_1_559' title='bbox 1344 2206 1588 2251; x_wconf 71' lang='lat' dir='ltr'><strong>(iniPelignis),</strong></span> <span class='ocrx_word' id='word_1_560' title='bbox 1609 2211 1706 2248; x_wconf 88' lang='lat' dir='ltr'><strong>caput</strong></span> <span class='ocrx_word' id='word_1_561' title='bbox 1734 2206 1856 2249; x_wconf 88' lang='lat' dir='ltr'><strong>imperii</strong></span> 
     </span>
     <span class='ocr_line' id='line_1_103' title="bbox 1191 2250 1854 2287; baseline -0.005 -4"><span class='ocrx_word' id='word_1_562' title='bbox 1191 2253 1230 2283; x_wconf 85' lang='lat' dir='ltr'><strong>ab</strong></span> <span class='ocrx_word' id='word_1_563' title='bbox 1245 2251 1333 2283; x_wconf 84' lang='lat' dir='ltr'><strong>Italis</strong></span> <span class='ocrx_word' id='word_1_564' title='bbox 1346 2252 1462 2282; x_wconf 85' lang='lat' dir='ltr'><strong>lectum</strong></span> <span class='ocrx_word' id='word_1_565' title='bbox 1475 2255 1508 2282; x_wconf 85' lang='lat' dir='ltr'><strong>et</strong></span> <span class='ocrx_word' id='word_1_566' title='bbox 1522 2250 1668 2282; x_wconf 80' lang='lat' dir='ltr'><strong>Italicum</strong></span> <span class='ocrx_word' id='word_1_567' title='bbox 1679 2250 1799 2282; x_wconf 86' lang='lat' dir='ltr'><strong>dictum</strong></span> <span class='ocrx_word' id='word_1_568' title='bbox 1819 2250 1854 2287; x_wconf 90' lang='lat' dir='ltr'><strong>ii,</strong></span> 
     </span>
     <span class='ocr_line' id='line_1_104' title="bbox 1192 2292 1854 2335; baseline -0.006 -9"><span class='ocrx_word' id='word_1_569' title='bbox 1192 2298 1235 2327; x_wconf 90' lang='grc'><strong>16</strong></span> <span class='ocrx_word' id='word_1_570' title='bbox 1267 2305 1286 2325; x_wconf 88' lang='lat' dir='ltr'><strong>a</strong></span> <span class='ocrx_word' id='word_1_571' title='bbox 1309 2294 1431 2326; x_wconf 80' lang='lat' dir='ltr'><strong>Caesare</strong></span> <span class='ocrx_word' id='word_1_572' title='bbox 1455 2293 1537 2325; x_wconf 91' lang='lat' dir='ltr'><strong>bello</strong></span> <span class='ocrx_word' id='word_1_573' title='bbox 1560 2293 1645 2325; x_wconf 83' lang='lat' dir='ltr'><strong>civili</strong></span> <span class='ocrx_word' id='word_1_574' title='bbox 1662 2297 1789 2335; x_wconf 83' lang='lat' dir='ltr'><strong>captum</strong></span> <span class='ocrx_word' id='word_1_575' title='bbox 1820 2292 1854 2331; x_wconf 92' lang='lat' dir='ltr'><strong>ii,</strong></span> 
     </span>
    </p>

    <p class='ocr_par' dir='ltr' id='par_1_31' title="bbox 1149 2377 1855 2637">
     <span class='ocr_line' id='line_1_105' title="bbox 1149 2377 1854 2421; baseline -0.003 -10"><span class='ocrx_word' id='word_1_576' title='bbox 1149 2379 1328 2417; x_wconf 85' lang='lat' dir='ltr'><strong>Corinthus,</strong></span> <span class='ocrx_word' id='word_1_577' title='bbox 1353 2379 1427 2410; x_wconf 90' lang='lat' dir='ltr'><strong>olim</strong></span> <span class='ocrx_word' id='word_1_578' title='bbox 1448 2377 1578 2421; x_wconf 75' lang='lat' dir='ltr'><strong>Ephyre</strong></span> <span class='ocrx_word' id='word_1_579' title='bbox 1601 2378 1688 2410; x_wconf 86' lang='lat' dir='ltr'><strong>dicta</strong></span> <span class='ocrx_word' id='word_1_580' title='bbox 1715 2378 1738 2416; x_wconf 92' lang='lat' dir='ltr'><strong>i,</strong></span> <span class='ocrx_word' id='word_1_581' title='bbox 1761 2381 1788 2411; x_wconf 72' lang='lat' dir='ltr'><strong>8v</strong></span> <span class='ocrx_word' id='word_1_582' title='bbox 1814 2378 1854 2409; x_wconf 78' lang='lat' dir='ltr'><strong>ab</strong></span> 
     </span>
     <span class='ocr_line' id='line_1_106' title="bbox 1190 2418 1855 2459; baseline -0.003 -5"><span class='ocrx_word' id='word_1_583' title='bbox 1190 2422 1285 2455; x_wconf 84' lang='lat' dir='ltr'><strong>Alete</strong></span> <span class='ocrx_word' id='word_1_584' title='bbox 1299 2422 1529 2459; x_wconf 86' lang='lat' dir='ltr'><strong>condita,-ibid.</strong></span> <span class='ocrx_word' id='word_1_585' title='bbox 1550 2422 1684 2454; x_wconf 80' lang='lat' dir='ltr'><strong>claustra</strong></span> <span class='ocrx_word' id='word_1_586' title='bbox 1697 2418 1775 2453; x_wconf 79' lang='lat' dir='ltr'><strong>Pelo</strong></span> <span class='ocrx_word' id='word_1_587' title='bbox 1818 2431 1855 2452; x_wconf 87' lang='lat' dir='ltr'><strong>n-</strong></span> 
     </span>
     <span class='ocr_line' id='line_1_107' title="bbox 1191 2465 1855 2502; baseline -0.003 -5"><span class='ocrx_word' id='word_1_588' title='bbox 1191 2467 1263 2497; x_wconf 86' lang='lat' dir='ltr'><strong>nesi-</strong></span> <span class='ocrx_word' id='word_1_589' title='bbox 1281 2466 1457 2502; x_wconf 82' lang='lat' dir='ltr'><strong>continens,</strong></span> <span class='ocrx_word' id='word_1_590' title='bbox 1481 2465 1561 2496; x_wconf 84' lang='lat' dir='ltr'><strong>ibid.</strong></span> <span class='ocrx_word' id='word_1_591' title='bbox 1589 2474 1695 2496; x_wconf 81' lang='lat' dir='ltr'><strong>eversa</strong></span> <span class='ocrx_word' id='word_1_592' title='bbox 1713 2474 1734 2495; x_wconf 82' lang='lat' dir='ltr'><strong>a</strong></span> <span class='ocrx_word' id='word_1_593' title='bbox 1788 2474 1855 2495; x_wconf 86' lang='lat' dir='ltr'><strong>um·</strong></span> 
     </span>
     <span class='ocr_line' id='line_1_108' title="bbox 1192 2506 1852 2550; baseline -0.003 -10"><span class='ocrx_word' id='word_1_594' title='bbox 1192 2509 1254 2540; x_wconf 88' lang='lat' dir='ltr'><strong>mio</strong></span> <span class='ocrx_word' id='word_1_595' title='bbox 1283 2509 1305 2546; x_wconf 91' lang='lat' dir='ltr'><strong>i,</strong></span> <span class='ocrx_word' id='word_1_596' title='bbox 1338 2512 1377 2541; x_wconf 79' lang='lat'><strong>13</strong></span> <span class='ocrx_word' id='word_1_597' title='bbox 1425 2508 1575 2550; x_wconf 88' lang='lat' dir='ltr'><strong>quamdiu</strong></span> <span class='ocrx_word' id='word_1_598' title='bbox 1607 2506 1738 2544; x_wconf 78' lang='lat' dir='ltr'><strong>steterit,</strong></span> <span class='ocrx_word' id='word_1_599' title='bbox 1774 2506 1852 2538; x_wconf 88' lang='lat' dir='ltr'><strong>ibid.</strong></span> 
     </span>
     <span class='ocr_line' id='line_1_109' title="bbox 1193 2549 1853 2595; baseline -0.005 -12"><span class='ocrx_word' id='word_1_600' title='bbox 1193 2552 1362 2595; x_wconf 80' lang='lat' dir='ltr'><strong>Syracusas</strong></span> <span class='ocrx_word' id='word_1_601' title='bbox 1377 2551 1520 2583; x_wconf 88' lang='lat' dir='ltr'><strong>condidit</strong></span> <span class='ocrx_word' id='word_1_602' title='bbox 1542 2551 1580 2588; x_wconf 91' lang='lat' dir='ltr'><strong>ii,</strong></span> <span class='ocrx_word' id='word_1_603' title='bbox 1593 2554 1632 2584; x_wconf 81' lang='lat'><strong>15</strong></span> <span class='ocrx_word' id='word_1_604' title='bbox 1657 2550 1697 2582; x_wconf 85' lang='lat' dir='ltr'><strong>ab</strong></span> <span class='ocrx_word' id='word_1_605' title='bbox 1711 2549 1853 2592; x_wconf 83' lang='lat' dir='ltr'><strong>Agrippa</strong></span> 
     </span>
     <span class='ocr_line' id='line_1_110' title="bbox 1193 2595 1467 2637; baseline 0 -11"><span class='ocrx_word' id='word_1_606' title='bbox 1193 2599 1349 2637; x_wconf 76' lang='lat' dir='ltr'><strong>occupata</strong></span> <span class='ocrx_word' id='word_1_607' title='bbox 1374 2595 1409 2632; x_wconf 91' lang='lat' dir='ltr'><strong>ii,</strong></span> <span class='ocrx_word' id='word_1_608' title='bbox 1423 2597 1467 2627; x_wconf 89' lang='grc'>84</span> 
     </span>
    </p>

    <p class='ocr_par' dir='ltr' id='par_1_32' title="bbox 1151 2635 1859 2723">
     <span class='ocr_line' id='line_1_111' title="bbox 1151 2635 1859 2672; baseline -0.007 -1"><span class='ocrx_word' id='word_1_609' title='bbox 1151 2638 1381 2672; x_wconf 86' lang='lat' dir='ltr'><strong>Corinthiorum</strong></span> <span class='ocrx_word' id='word_1_610' title='bbox 1397 2647 1539 2668; x_wconf 85' lang='lat' dir='ltr'><strong>vasorum</strong></span> <span class='ocrx_word' id='word_1_611' title='bbox 1559 2635 1736 2668; x_wconf 81' lang='lat' dir='ltr'><strong>intellectus</strong></span> <span class='ocrx_word' id='word_1_612' title='bbox 1751 2639 1784 2667; x_wconf 86' lang='lat' dir='ltr'><strong>et</strong></span> <span class='ocrx_word' id='word_1_613' title='bbox 1798 2645 1859 2667; x_wconf 49' lang='lat' dir='ltr'><strong>cue</strong></span> 
     </span>
     <span class='ocr_line' id='line_1_112' title="bbox 1193 2677 1855 2723; baseline -0.008 -10"><span class='ocrx_word' id='word_1_614' title='bbox 1193 2681 1308 2723; x_wconf 81' lang='lat' dir='ltr'><strong>piditas</strong></span> <span class='ocrx_word' id='word_1_615' title='bbox 1337 2680 1512 2723; x_wconf 80' lang='lat' dir='ltr'><strong>perniciosa</strong></span> <span class='ocrx_word' id='word_1_616' title='bbox 1540 2678 1667 2710; x_wconf 78' lang='lat' dir='ltr'><strong>fuerunt</strong></span> <span class='ocrx_word' id='word_1_617' title='bbox 1689 2677 1807 2710; x_wconf 81' lang='lat' dir='ltr'><strong>civitati</strong></span> <span class='ocrx_word' id='word_1_618' title='bbox 1832 2677 1855 2714; x_wconf 90' lang='lat' dir='ltr'><strong>i,</strong></span> 
     </span>
    </p>

    <p class='ocr_par' dir='ltr' id='par_1_33' title="bbox 1151 2763 1857 2897">
     <span class='ocr_line' id='line_1_113' title="bbox 1151 2763 1857 2805; baseline -0.008 -5"><span class='ocrx_word' id='word_1_619' title='bbox 1151 2767 1309 2805; x_wconf 86' lang='lat' dir='ltr'><strong>Cornelia,</strong></span> <span class='ocrx_word' id='word_1_620' title='bbox 1322 2766 1463 2798; x_wconf 80' lang='lat' dir='ltr'><strong>Africani</strong></span> <span class='ocrx_word' id='word_1_621' title='bbox 1472 2765 1548 2802; x_wconf 82' lang='lat' dir='ltr'><strong>filia,</strong></span> <span class='ocrx_word' id='word_1_622' title='bbox 1563 2763 1778 2796; x_wconf 82' lang='lat' dir='ltr'><strong>Gracchorum</strong></span> <span class='ocrx_word' id='word_1_623' title='bbox 1791 2772 1857 2794; x_wconf 83' lang='lat' dir='ltr'><strong>ma-</strong></span> 
     </span>
     <span class='ocr_line' id='line_1_114' title="bbox 1195 2806 1850 2850; baseline -0.006 -8"><span class='ocrx_word' id='word_1_624' title='bbox 1195 2816 1242 2842; x_wconf 82' lang='lat' dir='ltr'><strong>ter</strong></span> <span class='ocrx_word' id='word_1_625' title='bbox 1264 2810 1299 2847; x_wconf 90' lang='lat' dir='ltr'><strong>ii,</strong></span> <span class='ocrx_word' id='word_1_626' title='bbox 1314 2813 1334 2843; x_wconf 84' lang='grc'><strong>7</strong></span> <span class='ocrx_word' id='word_1_627' title='bbox 1366 2808 1512 2850; x_wconf 86' lang='lat' dir='ltr'><strong>Pompeii</strong></span> <span class='ocrx_word' id='word_1_628' title='bbox 1526 2806 1639 2849; x_wconf 73' lang='lat' dir='ltr'><strong>Magni</strong></span> <span class='ocrx_word' id='word_1_629' title='bbox 1661 2817 1738 2838; x_wconf 84' lang='lat' dir='ltr'><strong>uxor</strong></span> <span class='ocrx_word' id='word_1_630' title='bbox 1757 2806 1792 2844; x_wconf 87' lang='lat' dir='ltr'><strong>ii,</strong></span> <span class='ocrx_word' id='word_1_631' title='bbox 1807 2809 1850 2838; x_wconf 75' lang='lat'><strong>53</strong></span> 
     </span>
     <span class='ocr_line' id='line_1_115' title="bbox 1195 2849 1773 2897; baseline -0.01 -11"><span class='ocrx_word' id='word_1_632' title='bbox 1195 2853 1256 2897; x_wconf 84' lang='lat' dir='ltr'><strong>(Q.</strong></span> <span class='ocrx_word' id='word_1_633' title='bbox 1267 2852 1395 2886; x_wconf 85' lang='lat' dir='ltr'><strong>Metelli</strong></span> <span class='ocrx_word' id='word_1_634' title='bbox 1405 2851 1560 2894; x_wconf 76' lang='lat' dir='ltr'><strong>Scipionis</strong></span> <span class='ocrx_word' id='word_1_635' title='bbox 1571 2849 1654 2892; x_wconf 76' lang='lat' dir='ltr'><strong>filia)</strong></span> <span class='ocrx_word' id='word_1_636' title='bbox 1676 2849 1710 2888; x_wconf 89' lang='lat' dir='ltr'><strong>ii,</strong></span> <span class='ocrx_word' id='word_1_637' title='bbox 1726 2851 1773 2881; x_wconf 78' lang='grc'>54.</span> 
     </span>
    </p>
   </div>
   <div class='ocr_carea' id='block_1_7' title="bbox 1957 0 2008 3210">
    <p class='ocr_par' dir='ltr' id='par_1_34' title="bbox 1957 0 2008 3210">
     <span class='ocr_line' id='line_1_116' title="bbox 1957 0 2008 3210; baseline 0 0"><span class='ocrx_word' id='word_1_638' title='bbox 1957 0 2008 3210; x_wconf 95' lang='lat' dir='ltr'><strong> </strong></span> 
     </span>
    </p>
   </div>
  </div>
 </body>
</html>
