2008 3210
331 227 419 269 444
642 236 796 269 No'rAE.
820 235 1090 268 vamoamu
1124 235 1176 269 m
1211 237 1499 272 mvl-nucum

330 333 462 366 Manat.
511 331 732 374 Caninesates]
755 332 827 365 Pro
842 333 1048 373 Cauinesutes

332 385 422 416 male
445 383 481 414 in
495 383 648 415 editione
663 383 822 426 principe
836 383 966 425 fuerat,
985 385 1045 416 Ca-

331 434 483 473 ninefaci.
507 434 579 465 Pro
596 443 664 476 quo
678 439 793 466 tamen
809 434 951 466 minima
976 434 1045 468 for·

332 491 424 519 tasse
448 484 640 517 mutatione
670 484 792 526 reponi
818 485 956 525 debeat,
983 486 1045 519 Ca-

330 536 472 577 ninisati.
520 537 578 570 Sic
615 537 793 570 Teutones
823 541 860 569 et
886 537 1046 580 Teutoni,

329 589 501 629 Santones
525 592 561 620 et
580 588 736 630 Santoni,
762 588 1043 621 Mediomatrices

331 645 369 673 et
383 639 655 681 Mediomatrici,
679 640 887 682 Tectosages
902 644 939 672 et
959 640 1044 673 Tec-

329 691 455 733 tosagi‚
480 691 685 723 Velocasses
702 694 739 723 et
751 691 942 733 Velocassi,
968 700 1044 733 pro-

329 741 459 775 miscue
476 741 568 784 apud
583 747 742 775 auctores
755 742 893 784 legitur.
932 743 990 776 Ita
1006 746 1043 776 et

329 793 526 835 Atrebatis,
541 803 612 826 non
623 792 868 833 Atrebatibus,
878 797 933 826 est
949 793 1042 836 apud

331 845 506 877 Caesarem
521 844 582 877 lib.
598 854 639 878 11.
662 845 706 877 de
733 844 826 878 bello
851 845 989 878 Gallico
1006 846 1042 878 in

330 895 431 929 codd.
448 897 534 928 Mss.
550 896 659 928 Plura
671 896 746 938 ejus
760 896 893 937 generis
908 897 967 929 alii
979 906 1043 939 per

330 956 367 979 se
397 946 640 980 observabunt.
678 947 815 980 Vossius.
870 947 1042 987 Caninefa-

327 997 391 1039 tes]
415 997 650 1040 Canninefates,
675 998 866 1040 Paterculi,
895 1000 1043 1032 Batavo-

329 1058 405 1080 rum
420 1049 540 1081 insulae
556 1053 693 1091 partem
709 1049 884 1091 habitant,
897 1054 1041 1083 auctore

326 1099 458 1133 Tacito.
511 1100 522 1118 ⁴
539 1099 815 1133 Cannunefates’
852 1110 910 1133 eos
940 1106 1042 1139 ‚vocat

329 1150 477 1183 Plinius.
510 1150 519 1168 ‘
535 1150 791 1184 Cannanefates
801 1150 810 1165 ¹
825 1151 990 1184 dicuntur
1005 1151 1042 1184 in

328 1202 480 1244 quadam
508 1202 650 1245 antiqua
672 1202 913 1244 inscriptione.
951 1203 1040 1235 Ken-

326 1253 570 1294 nemerlanders,
599 1254 643 1285 B.
661 1253 828 1285 Rhenano
853 1257 945 1286 sunt.
987 1254 1041 1286 De

335 1303 472 1346 Veluwe,
484 1304 595 1338 Henr.
608 1303 758 1347 Aquilio.
782 1304 872 1336 Haec
886 1306 897 1322 ‘
911 1305 1020 1337 Felua
1029 1304 1039 1318 '

327 1360 486 1397 vocatur,
512 1357 548 1388 in
565 1356 637 1389 vita
662 1356 699 1389 S.
718 1355 940 1389 Werenfridi.
984 1356 1039 1390 De

328 1408 593 1442 Caninefatibus
608 1408 666 1441 adi
689 1408 737 1441 Η.
753 1409 776 1443 J
781 1409 897 1442 unium
913 1418 990 1455 cap.
1005 1411 1039 1442 3.

326 1459 498 1493 Bataviae.
523 1461 627 1493 Ortel.

370 1506 532 1552 Attuarii]
545 1512 740 1551 Rhenanus,
756 1515 794 1544 et
806 1511 877 1554 alii,
891 1521 936 1544 ex
947 1511 1039 1544 Stra-

327 1561 418 1595 bone
444 1563 582 1604 legunt‚
618 1562 823 1595 Chattuarii:
859 1562 1039 1595 Cluverius

328 1623 424 1655 vero,
439 1614 614 1647 Cuttuarz'i.
638 1614 708 1648 Qui
720 1618 757 1646 et
769 1614 866 1647 addit
873 1614 1041 1647 Attuarios

327 1665 410 1698 alias
422 1675 489 1698 non
505 1665 587 1706 legi.
625 1665 694 1698 Sed
707 1664 883 1698 falluntur.
908 1664 1040 1696 Ammi-

329 1726 414 1748 anus
426 1716 483 1749 lib.
495 1724 558 1752 xx.
572 1715 583 1733 ‘
594 1715 715 1748 Rheno
727 1715 853 1747 exinde
865 1715 1040 1748 transmis-

329 1778 367 1800 so
387 1767 564 1810 regionem
587 1766 700 1799 subito
713 1766 870 1808 pervasit
893 1767 1040 1799 Franco-

328 1827 415 1859 rum,
427 1828 514 1861 quos
525 1817 706 1850 Attuarios
718 1820 864 1850 vocant!
877 1817 1040 1850 Meminit

328 1870 435 1902 etiam
451 1869 640 1902 eorundem
655 1868 848 1910 GregorIus
862 1869 1039 1901 Turonen-

328 1921 374 1953 sis
399 1921 435 1953 in
462 1920 569 1962 gestis
597 1920 812 1952 Francorum
841 1919 1039 1961 epitomatis

327 1981 361 2005 c.
377 1974 431 2004 19.
477 1971 575 2005 Nihil
591 1969 699 2013 igitur
710 1971 746 2002 in
757 1970 893 2003 Velleio
906 1974 1040 2003 mutan-

329 2022 422 2055 dum.
443 2022 581 2055 Vossius.
623 2021 786 2064 Attuarii]
799 2021 946 2054 Attuarii
960 2026 1042 2055 sunt

327 2072 465 2105 Velleio
477 2072 666 2105 Paterculo
678 2071 875 2104 Germaniae
897 2072 1017 2114 populi
1029 2083 1040 2113 ;

328 2123 497 2157 Atthuarii
519 2122 704 2155 Ammiano
725 2125 782 2155 20.
827 2122 1040 2156 Francorum

329 2185 427 2218 gens.
486 2175 630 2216 Eadem,
673 2173 788 2206 vicina
846 2173 1040 2207 Bructeris.

327 2227 407 2260 scio
423 2226 625 2260 Rhenanum
646 2228 684 2258 et
708 2224 851 2258 Junium
871 2225 935 2258 hoc
962 2225 1040 2258 loco

327 2277 497 2312 Annivarii
510 2277 627 2319 legere
637 2275 730 2318 apud
745 2274 919 2308 Ammian.
935 2277 1039 2310 Ortel.

371 2327 541 2369 Bructeri]
574 2327 634 2360 Ita
646 2327 758 2362 edunt
769 2336 887 2360 omnes
901 2337 946 2360 ex
961 2337 1041 2360 con·

324 2375 462 2425 iectura
491 2378 659 2414 Rhenani.
706 2377 754 2410 At
782 2387 978 2420 perperam,
999 2382 1041 2411 nt

328 2431 489 2465 arbitror.
533 2428 769 2466 Retinendum
782 2429 876 2461 enim
891 2428 1040 2470 Epami,

328 2487 380 2516 ut.
398 2485 475 2515 erat
504 2481 541 2513 in
572 2479 800 2522 autographo.
844 2478 903 2511 Ita
932 2479 1040 2512 etiam

328 2535 420 2567 hanc
435 2537 575 2575 gentem
601 2531 759 2564 nominat
782 2530 950 2564 Nazarius
974 2531 1043 2564 Pa-

327 2577 493 2628 negyrico
530 2582 574 2616 ad
605 2580 879 2615 Constantinum.
936 2580 1041 2614 Unde

328 2636 399 2669 no'n
413 2636 515 2679 longe
526 2634 602 2668 abit
616 2632 774 2672 Borteri3
789 2633 878 2665 utin
893 2632 1042 2675 epistola

330 2686 476 2736 quadam
493 2684 655 2729 Gregorii
671 2693 715 2722 ιι.
736 2679 850 2727 Ῥερω
864 2683 1042 2725 appellan-

330 2741 402 2769 tur.
447 2736 539 2771 Quin
566 2746 629 2781 pro
652 2735 795 2778 vulgata
821 2734 949 2767 Velleii
973 2735 1042 2768 lec-,

329 2786 425 2819 tione
451 2782 587 2830 qnoque
616 2785 735 2823 facere
771 2784 910 2821 videtur
943 2785 1041 2819 locus

328 2836 488 2874 suetonii
501 2838 536 2873 in
550 2837 705 2882 Tiberio,
735 2847 804 2883 qno
826 2838 886 2872 ille
908 2837 954 2872 ‘a
969 2837 1042 2873 Ru-

1099 337 1179 367 teno
1190 334 1201 349 ’
1239 345 1350 378 prope
1375 335 1510 369 occisus
1541 334 1681 369 dicitur.
1729 336 1807 373 λιι

1098 385 1188 417 enim
1202 389 1256 418 est
1271 386 1306 418 in
1318 386 1492 426 vulgatis:
1510 386 1569 418 ubi
1585 386 1722 420 codices
1733 388 1807 430 qni·

1097 435 1177 468 dam
1192 437 1279 470 Mss.
1290 437 1418 470 habent
1432 438 1602 479 Bructero,
1615 438 1673 470 alii
1687 438 1809 471 Rute-

1095 497 1149 528 no,
1166 491 1225 520 ant
1242 488 1374 522 Rutero.
1433 489 1482 521 Ut
1497 487 1589 521 forte
1607 489 1748 521 Bructero
1760 489 1808 522 sit

1095 538 1328 571 scribendum.
1385 538 1467 572 Non
1496 539 1586 572 enim
1617 539 1809 582 acquiescit

1096 588 1228 621 animus
1236 589 1412 622 Torrentii
1421 590 1650 632 conjecturae,
1657 589 1717 633 qui
1725 598 1806 623 cen·

1094 639 1207 681 sebat,
1223 640 1396 673 Romanos
1420 641 1539 674 Ruteri
1564 650 1699 683 vocem,
1715 646 1807 675 .tan-

1094 700 1196 732 quam
1211 691 1389 733 proprium
1407 691 1472 724 viri
1497 701 1637 732 nomen,
1663 701 1806 734 expres-

1093 742 1190 783 sisse,
1201 752 1278 775 cum
1291 742 1500 776 Germanico
1513 743 1677 776 idiomate
1688 752 1808 786 qnem-

1094 791 1147 823 vis
1162 802 1251 835 equo
1265 797 1456 825 merentem
1471 793 1655 835 significet.
1675 794 1686 812 ‘
1697 788 1807 827 Bruc-

1094 846 1189 875 teros
1200 843 1210 858 '
1235 847 1350 876 tamen
1365 848 1507 886 gentem
1523 845 1611 878 hanc
1626 845 1806 878 nominant

1093 893 1251 937 plerique
1268 895 1327 927 alii
1342 896 1544 938 scriptores.
1573 897 1663 929 Vm.
1700 897 1806 929 Bruc-

1093 945 1171 987 teri]
1194 946 1347 979 Bructeri
1369 947 1441 979 sive
1456 947 1745 986 Brockmerlondt'i,
1770 948 1806 980 in

1093 995 1269 1030 Orientali
1281 997 1403 1039 Frisia,
1429 1001 1469 1030 nt
1483 997 1606 1031 scribit
1621 997 1804 1031 Cornelius

1092 1047 1274 1088 Kempius.
1340 1048 1537 1090 Busacteri,
1580 1046 1803 1091 Βωισάκτεροι,

1091 1097 1246 1139 Majores
1264 1100 1302 1130 et
1316 1098 1488 1141 Minores,
1515 1099 1710 1132 Ptolemaeo
1724 1103 1806 1132 sunt

1094 1148 1294 1181 Germaniae
1316 1149 1447 1191 populi.
1492 1149 1602 1191 Regio
1621 1149 1806 1185 Transiss-

1091 1199 1172 1232 lana
1184 1204 1239 1232 est
1253 1200 1430 1241 Pyramio.
1465 1200 1684 1244 Eosdemque
1701 1205 1811 1244 putat

1091 1260 1167 1283 esse
1183 1261 1262 1283 cum
1277 1251 1459 1284 Bructeris
1476 1251 1668 1293 Paterculi,
1679 1252 1806 1295 Taciti,

1090 1306 1127 1334 et
1141 1302 1337 1343 Strabonis,
1362 1303 1421 1346 qui
1435 1301 1600 1345 βουκτέροι
1622 1303 1696 1336 sine
1722 1315 1746 1345 ρ.
1768 1303 1806 1336 in

1090 1352 1202 1393 prima
1217 1353 1303 1395 legit
1317 1353 1420 1396 (vitio
1446 1353 1538 1386 forte
1555 1353 1700 1396 codicis)
1718 1354 1806 1388 Wil-

1089 1404 1222 1447 lichius,
1247 1406 1303 1447 qui
1327 1415 1386 1438 eos
1411 1406 1532 1438 scribit
1557 1406 1716 1440 habitare
1729 1407 1807 1440 Μο-

1089 1456 1289 1497 nasterium,
1315 1456 1349 1488 in
1366 1457 1592 1499 Westphalia.
1636 1456 1731 1490 Huic
1754 1466 1806 1492 ωε

1089 1505 1236 1538 sentitur
1251 1516 1387 1549 quoque
1402 1507 1451 1539 H.
1466 1508 1489 1540 J
1493 1508 1604 1540 unius.
1650 1507 1726 1540 Hos
1737 1508 1805 1541 Ta·

1089 1556 1151 1588 citi
1166 1557 1368 1596 Bructeros,
1390 1556 1591 1598 Ulmigeros
1607 1557 1714 1590 etiam
1730 1557 1803 1594 dic-

1089 1611 1155 1648 tos,
1171 1607 1245 1640 vult
1261 1607 1466 1640 Glareanus.
1490 1607 1524 1640 A
1538 1607 1718 1649 Bructeris
1732 1607 1804 1641 dic-

1089 1662 1146 1690 tus
1162 1662 1216 1691 est
1229 1658 1334 1690 etiam
1345 1658 1447 1690 hodie
1458 1658 1733 1702 Brockersberg,
1743 1658 1805 1692 sub

1089 1708 1263 1750 Goslaria,
1286 1713 1324 1741 ut
1339 1709 1603 1742 Melanchthoni
1617 1710 1751 1752 placet,
1767 1715 1805 1744 et

1088 1759 1260 1801 Peucero,
1275 1760 1333 1803 qui
1344 1759 1435 1793 hunc
1450 1765 1604 1795 montem
1617 1762 1730 1796 veteri
1743 1770 1804 1795 no·

1089 1810 1180 1843 mine
1195 1810 1408 1842 Meliboeam
1423 1815 1539 1852 vocat.
1565 1812 1716 1847 Ortelt‘us.

1111 1880 1114 1887 ·
1134 1860 1269 1903 Gentes]
1307 1861 1523 1903 Illud-gentes
1538 1865 1804 1907 tauquamgtos-

1090 1922 1184 1945 sema
1200 1912 1436 1955 abjiciendum
1451 1919 1572 1948 censet
1587 1915 1738 1959 Lipsius.

1134 1965 1183 1996 Et
1208 1964 1321 2007 amnis,
1350 1965 1421 2008 ξω]
1450 1965 1506 1999 Ita
1532 1976 1650 2003 omnes
1679 1967 1802 2009 edunt,

1090 2016 1186 2058 quasi
1203 2015 1247 2047 de
1261 2015 1326 2047 hac
1340 2015 1492 2050 lectione
1515 2026 1616 2059 quam
1633 2027 1803 2053 commen-

1091 2070 1147 2099 tus
1162 2067 1360 2108 Rhenanus,
1385 2066 1547 2100 dubitare
1570 2067 1731 2102 videatur
1745 2078 1806 2107 ne·

1090 2115 1155 2151 fa's.
1199 2118 1275 2160 Ego
1291 2122 1408 2150 tamen
1423 2128 1487 2160 pro
1503 2124 1600 2152 certo
1613 2119 1726 2153 habeo
1744 2121 1804 2153 ali-

1091 2174 1146 2203 ter
1162 2169 1328 2211 scriptum
1343 2167 1448 2201 fuisse
1463 2169 1612 2208 Velleio.
1651 2169 1752 2206 -Nnm
1767 2171 1811 2205 in·

1091 2221 1304 2263 autographo
1333 2219 1421 2252 fuit:
1447 2223 1481 2252 et
1513 2220 1706 2259 insumimus
1729 2231 1805 2258 mox

1089 2275 1198 2304 nostra
1211 2273 1299 2304 clude
1313 2271 1437 2313 nobilis,
1450 2273 1504 2313 ᾄσ.
1541 2271 1655 2314 Unde,
1669 2270 1802 2309 (inaltus

1090 2322 1202 2363 literis
1230 2322 1371 2364 additis,
1407 2332 1482 2364 quae
1511 2321 1556 2354 ob
1590 2327 1809 2363 vetustatem

1090 2379 1192 2408 erant
1214 2374 1367 2416 extritae,
1392 2373 1575 2416 legendum
1601 2384 1749 2413 censeo:
1771 2380 1809 2421 ιζ,

1088 2425 1213 2459 utinam
1227 2425 1330 2457 minus
1344 2434 1418 2456 mox
1432 2428 1543 2457 nostra
1568 2425 1656 2458 clude
1679 2425 1807 2469 nobilis,

1089 2479 1144 2520 &¹⁰-
1166 2477 1320 2519 Intelligi
1329 2482 1444 2510 autem
1456 2478 1644 2510 Varianam
1655 2476 1811 2520 cladem,

1090 2527 1315 2561 manifestum
1329 2532 1394 2560 est.
1422 2528 1563 2562 Vossius.
1792 2556 1808 2567 „

1137 2578 1301 2611 Transitus
1322 2578 1485 2620 Visurgis]
1521 2577 1628 2620 Apud
1653 2578 1806 2619 Dionem>

1090 2629 1125 2663 in
1139 2629 1205 2662 hac
1230 2639 1269 2661 re
1292 2633 1435 2662 narrata
1460 2629 1643 2662 mendum:
1665 2627 1805 2672 Τιβέρως

1090 2678 1185 2722 μέχρι
1199 2691 1240 2720 ’γε
1253 2680 1312 2712 τοῦ
1335 2680 1478 2720 ποταμοῦ
1495 2677 1723 2724 πρῶ-φριμὲν
1745 2681 1805 2712 τοῦ

1090 2729 1249 2774 'Emi-ww,
1261 2730 1343 2770 μετὰ
1359 2729 1394 2763 δὲ
1412 2731 1508 2763 τοῦτο
1519 2730 1639 2763 καὶτοῦ
1653 2731 1804 2778 :Alieniore

1090 2781 1344 2825 ’rpoexdpno'evr
1359 2781 1502 2823 Uberius
1517 2791 1610 2824 usque
1623 2782 1666 2814 ad
1676 2782 1802 2824 flumen

1087 2833 1230 2878 primum
1270 2834 1448 2882 Erggrum,
1484 2832 1595 2869 deinde
1624 2833 1666 2868 ad
1693 2832 1802 2868 Albim

1983 832 1995 859 [1

1983 927 2001 989 ἀς

1983 990 2001 1049 ἒ

1978 1055 2001 1176 3

1984 1231 2001 1295 a&
