2002 3250
425 292 491 327 ΒΕ
523 292 728 325 vunan
760 290 994 332 monnio,
1026 291 1266 334 MORIBUS,
1287 293 1362 335 ‚Er
1394 295 1530 327 mna.
1660 285 1719 329 33

238 390 470 444 probabile
497 394 583 443 est,
614 395 666 434 ut
700 392 745 434 in
776 391 850 442 iis,
883 403 988 447 quae
1020 405 1048 434 a
1078 388 1350 450 scriptorum
1387 393 1531 436 adhuc
1562 397 1721 437 extan-

236 459 347 502 tium
378 459 647 502 testimoniis
681 459 864 502 dissona
883 459 1128 512 tradiderit,
1162 451 1351 504 aliorum
1386 462 1717 522 deperditorum

234 528 532 571 narrationem
550 529 662 571 bene
677 529 957 584 exploratam
978 529 1152 585 sibique
1169 534 1404 586 probatam
1421 535 1605 576 secutus
1618 546 1717 576 esse

237 595 454 640 videatur.

294 665 346 708 Si
366 679 470 709 vero
490 665 599 710 fides
618 667 783 711 Velleii
800 680 860 710 ex
878 681 984 712 vera
1003 668 1208 713 tradendi
1227 670 1438 714 facultate
1455 672 1721 716 aestimanda

236 733 318 786 est,
339 734 429 778 alia
448 748 556 778 sane
575 737 674 793 ejus
702 739 772 779 est
806 737 921 780 ratio
957 739 1003 781 in
1036 739 1273 795 antiquiori
1306 753 1455 783 rerum
1485 742 1717 794 memoria,

235 803 326 847 alia
343 804 388 847 in
409 805 496 848 aevi
518 805 588 847 sui
604 805 804 848 historia.
863 805 938 850 Ad
958 807 1072 850 hanc
1094 808 1212 850 enim
1231 807 1354 864 quod
1370 809 1540 860 attinet,
1565 823 1718 866 aequa-

232 873 293 916 lis
312 877 381 916 e‘st
400 886 544 916 rerum
565 877 786 930 gestarum
806 875 907 918 inde
940 889 969 918 a
999 874 1100 918 Caii
1133 875 1344 928 Caesaris,
1372 876 1593 933 Agrippae
1622 878 1718 932 filii,

231 941 369 990 initiis
388 942 467 1000 (11.
483 941 622 999 101.),
649 957 889 1000 earumque
909 945 1112 1001 plurimis
1134 945 1346 989 interfuit.
1397 945 1468 989 Cf.
1491 960 1614 1002 supr.
1633 947 1718 990 Vi-

235 1015 331 1054 tam
353 1011 538 1055 Velleii.
596 1011 725 1065 Quas
745 1026 853 1056 vero
885 1026 957 1056 res
986 1014 1088 1069 ipse
1119 1008 1212 1055 non
1246 1013 1374 1066 vidit,
1405 1026 1483 1058 eas
1514 1017 1717 1070 cognitas

232 1080 396 1124 habere
417 1082 562 1136 potuit
581 1082 638 1124 ab
657 1083 728 1134 iis,
758 1082 836 1138 qui
857 1082 1132 1138 temporibus
1148 1083 1450 1136 interfuerunt,
1472 1098 1617 1141 neque
1637 1099 1717 1128 ex-

235 1149 365 1204 iguas
380 1162 527 1193 rerum
546 1154 695 1206 partes
714 1154 911 1206 egerunt,
931 1164 975 1194 v.
993 1165 1034 1194 c.
1057 1165 1083 1194 a
1104 1151 1314 1205 ViniciiS,
1337 1153 1552 1210 aliisque,
1575 1155 1652 1210 qui
1671 1156 1718 1199 in

235 1218 357 1261 bello
387 1218 638 1262 Delmatico
669 1224 716 1262 et
747 1219 1031 1263 Germanicis
1062 1220 1381 1273 militaverunt,
1414 1235 1490 1265 ore
1515 1223 1718 1266 traditas.

236 1285 341 1339 Quo
359 1285 629 1340 factumest,
643 1292 694 1330 ut
706 1287 927 1343 Velleius,
943 1289 1013 1331 his
1033 1289 1281 1341 narrandis,
1297 1290 1441 1333 multa
1460 1291 1715 1346 singularia,

235 1369 336 1414 quae
348 1357 452 1400 aliis
461 1369 546 1400 non
554 1357 980 1410 innotuerunt,solus
989 1358 1168 1401 referat.
1183 1358 1502 1402 Proximorum
1512 1360 1717 1404 veroAu·

236 1426 351 1482 gusti
372 1430 638 1482 temporum,
659 1439 761 1482 quae
784 1429 964 1470 aetatem
976 1426 1122 1482 ipsius
1145 1427 1435 1482 superabant,
1453 1430 1718 1473 memoriam

236 1508 501 1552 pernoscere
521 1495 564 1538 ei
590 1495 733 1548 licuit,
755 1496 826 1538 vel
849 1509 907 1539 ex
929 1508 1094 1547 eorum,
1118 1496 1196 1552 qui
1214 1509 1360 1538 rerum
1382 1501 1473 1540 tum
1495 1503 1718 1552 gestarum

236 1564 366 1616 socii,
375 1563 448 1619 adj
454 1569 618 1617 utores,
628 1568 671 1607 et
681 1568 959 1621 spectatores
971 1564 1163 1617 fuerunt,
1173 1565 1278 1608 viva
1290 1567 1560 1619 narratione,
1570 1567 1644 1610 vel
1657 1580 1718 1610 ex

236 1632 474 1677 eorundem
489 1632 642 1675 talium
657 1635 887 1689 operibuS,
901 1649 946 1678 v.
960 1648 999 1679 c.
1013 1648 1070 1677 ex
1085 1633 1283 1689 Augusti
1295 1635 1439 1691 ipsius
1456 1636 1512 1678 de
1526 1636 1619 1680 vita
1631 1650 1718 1680 sua

234 1702 366 1754 libro,
387 1715 520 1758 quem
546 1701 701 1745 laudat
735 1713 789 1746 11.
809 1703 882 1746 59.
914 1716 974 1745 ex
996 1703 1264 1746 Maecenatis
1285 1703 1341 1746 de
1364 1704 1496 1747 rebus
1518 1703 1718 1761 Augusti

235 1784 387 1827 opere,
404 1783 466 1813 ex
482 1768 631 1814 Asinii
646 1771 865 1820 Pollionis
885 1772 1102 1815 bellorum
1123 1771 1324 1815 civilium
1344 1772 1544 1826 historia,
1567 1774 1635 1816 vel
1657 1787 1718 1820 ex

234 1840 460 1884 historicis
479 1839 582 1883 huic
617 1842 741 1883 aetati
769 1841 1006 1896 proximis,
1046 1841 1123 1896 qui
1157 1841 1238 1882 has
1269 1853 1340 1883 res
1374 1844 1716 1896 pertractarunt,

233 1922 279 1953 v.
303 1923 342 1952 c.
364 1921 424 1953 ex
449 1907 594 1961 Livio,
614 1909 694 1965 qui
707 1908 763 1952 ad
779 1909 915 1952 Drusi
932 1908 1127 1952 Neronis
1148 1909 1318 1952 obitum
1337 1908 1716 1953 historiam··suam

234 1981 501 2034 persecutus
517 1981 600 2030 est,
617 1982 663 2020 et
682 1990 742 2020 ex
763 1977 980 2020 Cremutii
1002 1976 1154 2030 Cordi,
1172 1978 1247 2033 qui
1264 1979 1348 2022 sub
1363 1978 1548 2022 Tiberio
1571 1979 1716 2034 scrip-

224 2044 296 2090 'sit
327 2046 497 2104 (Tacit.
535 2046 590 2089 A.
612 2058 679 2089 1v.
698 2045 810 2102 35.),
841 2046 1091 2091 annalibus.
1153 2046 1226 2090 Ex
1258 2047 1431 2090 illorum
1468 2047 1716 2102 aequalium

233 2114 457 2170 Augusto,
472 2115 604 2171 eique
616 2115 1011 2167 deditissimorum,
1028 2116 1240 2171 operibus
1252 2115 1370 2159 haud
1391 2116 1526 2159 dubie
1547 2129 1715 2171 magna

232 2198 340 2241 pars
369 2184 531 2237 laudiS,
569 2198 659 2240 qua
687 2185 942 2241 principem
963 2185 1088 2227 illum
1110 2190 1251 2237 omat,
1285 2185 1494 2240 famaque
1527 2186 1645 2228 aulae
1667 2185 1718 2228 in

234 2252 400 2297 Velleii
429 2255 568 2298 libros
600 2254 901 2310 promanavit,
943 2253 1247 2309 nonnullaque
1288 2253 1391 2296 inde
1426 2252 1617 2297 fluxisse
1651 2253 1717 2296 vi-

235 2322 404 2375 dentur,
419 2337 520 2379 quae
538 2324 661 2379 apud
676 2323 791 2366 alios
806 2322 925 2365 haud
940 2323 1121 2374 tradita,
1140 2323 1209 2365 vel
1231 2316 1372 2374 aliter,
1388 2323 1685 2367 inveniuntur.

294 2390 348 2434 In
375 2393 677 2449 antiquiorum
704 2395 850 2435 autem
883 2396 1134 2446 temporum
1166 2392 1385 2435 memoria
1415 2392 1526 2435 fides
1558 2391 1721 2438 Nostri

236 2463 410 2504 constat
428 2474 484 2503 ex
508 2466 757 2513 auctorum,
779 2474 892 2517 quos
912 2465 1096 2503 secutus
1111 2464 1195 2511 est,
1218 2462 1455 2516 probitate.
1518 2460 1624 2503 Hos
1639 2473 1716 2505 au—

234 2534 327 2573 tem
361 2543 579 2586 nusquam
614 2532 892 2582 monstravit,
932 2536 1096 2585 praeter
1136 2529 1375 2583 Catonem,
1410 2544 1542 2586 quem
1578 2530 1632 2572 de
1669 2541 1716 2572 re

236 2597 398 2642 Italica
417 2603 459 2641 et
480 2603 616 2642 aetate
637 2599 809 2656 Capuae
830 2600 955 2642 urbis
977 2599 1178 2642 confutat
1199 2610 1229 2640 1.
1251 2601 1293 2642 7.
1325 2604 1370 2642 et
1401 2589 1713 2650 Hortensium,

235 2667 293 2711 ad
315 2668 447 2724 cujus
469 2669 653 2711 annales
672 2669 854 2724 relegat,
889 2680 941 2710 ιι.
961 2668 1035 2710 16.
1097 2667 1186 2710 Sed
1208 2668 1403 2709 alienum
1421 2682 1447 2708 a
1468 2665 1715 2721 probabili-

234 2739 324 2780 tate
345 2750 432 2780 non
450 2740 530 2787 est,
549 2737 773 2780 Velleium
794 2738 838 2779 in
860 2738 994 2778 rebus
1017 2736 1253 2787 Romanis,
1276 2750 1389 2791 quos
1410 2737 1454 2777 in
1475 2748 1606 2789 opere
1629 2745 1714 2776 suo

233 2802 314 2859 (n.
330 2805 374 2847 9.
396 2810 440 2847 et
454 2803 552 2861 36.)
580 2805 730 2848 laudet
746 2806 992 2847 historicos
1014 2805 1270 2860 populares,
1283 2816 1361 2845 eos
1376 2803 1586 2845 habuisse
1606 2814 1713 2857 cog*-

232 2871 351 2916 nitos
382 2878 514 2930 atque
547 2874 849 2927 consuluisse,
887 2887 931 2918 v.
949 2887 990 2917 c.
1014 2873 1266 2924 Sisennam,
1289 2870 1487 2917 Coelium
1517 2869 1711 2929 Antipa-

322 2948 443 2994 Delph.
456 2954 486 2984 et
506 2951 583 2987 Var.
597 2954 684 2988 Clau.
939 2952 1074 2984 Pater-c.
1591 2947 1621 2983 C
