2002 3250
316 254 402 296 210
754 263 796 294 c.
828 261 1032 293 vunnim
1068 259 1351 293 exi-nucum

318 372 404 414 que
424 356 772 400 adolescentium
791 358 960 400 obitum
979 356 1124 399 facere
1143 357 1461 411 perseveravit,
1489 359 1539 398 ut
1569 361 1617 398 et
1646 355 1781 399 tribuss

316 427 448 470 niciae
479 426 733 481 potestatisy
767 425 1087 468 consortionem
1121 423 1289 466 Neroni
1322 424 1645 474 constitueret)
1673 424 1785 466 mul-

316 498 409 536 tum
432 494 610 549 quidem
632 507 688 536 eo
709 507 810 535 cum
831 492 969 544 domi,
989 496 1082 538 tum
1102 492 1148 534 in
1168 497 1325 535 senatu
1345 496 1589 542 recusante,
1616 495 1665 534 et
1683 495 1786 534 eum

318 563 445 605 AElio
471 562 602 614 Cato,
636 562 791 604 Sentio
826 560 1085 602 consulibus
1121 570 1165 601 V.
1199 559 1304 603 Kal.
1338 560 1447 602 suls
1480 563 1585 615 post
1618 558 1786 602 Urbem

319 631 544 672 conditam
591 628 718 671 annis
755 631 1014 670 Dchvu.¹2
1049 628 1115 681 [p.
1153 626 1253 669 Chr.
1288 640 1330 669 n.
1365 626 1428 680 4.]
1465 626 1624 669 abhinc
1657 625 1786 668 annis

318 708 503 749 xxvii„
544 693 805 752 adoptaret.z
872 695 1099 738 Laetitiam
1126 694 1252 737 >illius
1289 694 1392 746 diei,
1431 706 1787 749 concursumque

317 765 530 817 civitatiS‚
549 769 593 807 et
612 769 719 807 vota
743 776 874 819 paene
907 763 1193 806 inserentium
1227 763 1349 805 coelo
1367 774 1538 813 manus,
1571 770 1787 816 spemque

316 838 586 887 conceptam
604 836 834 887 perpetuae
854 831 1099 874 securitatis
1124 831 1472 886 'aeternitatisque
1492 828 1688 872 Romani
1705 829 1787 871 im-

316 900 445 954 perii,
466 901 547 942 vix
578 901 625 942 in
652 900 728 942 illo
755 900 882 955 Justo
914 911 1049 953 opere
1077 898 1250 940 abunde
1284 898 1496 953 persequi
1527 895 1786 952 poterimus,

315 969 483 1011 nedum
517 969 590 1012 hic
621 969 814 1023 implere.
875 966 1085 1009 Contenti
1120 966 1297 1017 simus,¹¹
1330 965 1378 1007 id
1409 974 1546 1011 unum
1562 978 1563 981 ¹
1577 964 1788 1016 dix-isse?

316 1049 451 1091 quam
473 1037 516 1079 in
535 1037 612 1080 illo
631 1035 824 1093 (omnia)
842 1035 1046 1078 omnibus
1078 1034 1267 1076 fuerint.¹
1327 1032 1445 1076 Tum
1466 1031 1647 1075 ‘refulsit
1669 1034 1788 1076 certa

317 1117 423 1158 spes
452 1106 692 1149 liberorum
725 1105 1002 1160 parentibuS‚
1033 1103 1143 1158 viris
1176 1101 1570 1152 matrimoniorum,
1592 1099 1787 1142 dominis

314 1173 583 1227 patrimonii,
602 1173 810 1216 omnibus
831 1171 1087 1216 hominibus
1108 1170 1278 1222 salutiS‚
1299 1169 1480 1224 quietis,
1501 1167 1648 1223 pacis,
1669 1170 1786 1210 tran-

316 1240 591 1294 quillitatis?
632 1239 759 1292 adeo,
790 1245 843 1283 ut
875 1230 958 1282 nec
985 1238 1086 1294 plus
1121 1237 1289 1292 sperari
1323 1237 1532 1293 potuerit,
1556 1246 1647 1279 vnec
1684 1235 1787 1290 spei

314 1308 563 1363 responderi
582 1308 768 1352 felicius.
827 1330 832 1331 ⁷
951 1316 953 1318 '

357 1430 371 1452 ὃ
399 1431 442 1464 Ut
456 1435 487 1464 et
502 1431 563 1464 sibi
574 1430 758 1473 adiungeret
776 1432 933 1465 Neronem
947 1431 1063 1465 socium
1079 1429 1240 1464 tribunicii
1255 1430 1402 1463 muneris.

356 1479 370 1495 ⁸
399 1475 553 1514 Vigesimo
566 1475 697 1516 septimo
711 1475 815 1508 Junii.

357 1516 375 1538 ‘l
403 1518 464 1549 Vix
477 1518 646 1559 poterimus
655 1519 736 1550 satis
749 1518 924 1560 exprimere
937 1519 970 1550 in
987 1518 1039 1550 illo
1052 1517 1177 1559 prolixo
1192 1527 1296 1559 opere,
1311 1516 1403 1560 quod
1418 1514 1640 1557 meditamur,
1662 1518 1785 1548 tantum

314 1560 400 1592 abest
414 1563 449 1592 ut
464 1571 606 1592 conemur
621 1562 753 1593 hocloco
762 1562 855 1603 plane
869 1562 1039 1603 explicare.

356 1609 369 1624 ²
395 1603 474 1634 Tum
492 1604 612 1636 reluxit
633 1604 816 1645 parentibus
837 1608 923 1636 certa
945 1614 1012 1645 spes
1035 1602 1208 1635 educandi
1233 1602 1357 1644 liberos,
1377 1601 1502 1635 maritis
1527 1599 1692 1633 habitandi
1714 1610 1784 1632 cum

314 1645 477 1686 uxoribus,
497 1647 630 1687 privatis
654 1647 832 1688 possidendi
859 1647 938 1679 bona
958 1650 1103 1689 paterna,
1129 1645 1269 1678 omnibus
1289 1645 1463 1679 hominibus
1484 1643 1610 1687 agendi
1626 1643 1731 1676 vitam
1750 1644 1785 1675 in

311 1688 427 1731 quiete,
442 1690 478 1721 in
489 1699 578 1731 pace,
595 1689 628 1722 in
639 1691 818 1722 securitate.

1123 1764 1164 1776 ‘O‘

314 1818 438 1849 Burer.
453 1821 545 1859 atque
559 1828 664 1860 eoque,
679 1818 751 1851 sive
766 1829 801 1851 eo
816 1819 906 1860 quod,
921 1822 957 1851 et
972 1818 1051 1850 inde
1073 1818 1257 1851 Ruhnken.
1275 1816 1423 1850 tentavit
1438 1827 1566 1859 quoque,
1581 1816 1603 1849 i.
1619 1826 1651 1849 e.
1667 1819 1699 1849 et
1714 1826 1783 1858 quo.

311 1863 399 1892 —12
422 1862 507 1894 Cod.
522 1862 754 1894 ACGJAIH.
805 1862 869 1894 Ed.
886 1871 939 1903 pr.
955 1871 1031 1893 cum
1048 1861 1164 1893 multis
1189 1861 1265 1893 aliis
1280 1860 1498 1893 DCCLIIII.
1533 1859 1615 1892 Am.
1632 1860 1724 1901 Nep.
1741 1869 1784 1891 ex

313 1913 383 1935 aera
401 1904 542 1936 Catonis
559 1904 750 1937 DCCLVI.
776 1908 812 1936 et
838 1905 888 1937 ita
903 1905 1152 1943 Burmann.—-1
1179 1903 1245 1936 Ed.
1263 1913 1315 1945 pr.
1330 1905 1443 1935 nedum
1457 1903 1530 1935 hinc
1544 1903 1673 1943 implere
1686 1905 1785 1935 tente-

313 1956 404 1979 mus.-
436 1947 471 1978 id
498 1956 592 1979 unum
616 1947 735 1979 dixisse
749 1957 842 1989 quam
868 1948 921 1979 ille
938 1947 1078 1979 omnibus
1092 1946 1212 1986 fuerit,
1237 1949 1304 1978 tum
1318 1946 1458 1985 refulsit,
1481 1948 1535 1987 ᾀτ.
1579 1945 1734 1978 Rbenan.
1749 1945 1786 1977 id

312 1999 408 2020 urium
421 1990 542 2023 dixisse
553 1991 702 2030 contenti,
713 2000 804 2031 quam
815 1991 868 2022 ille
883 1990 996 2022 charus
1009 1990 1148 2022 omnibus
1155 1989 1263 2028 fuerit
1278 1992 1346 2020 tum
1356 1988 1517 2030 apparuit.
1554 1988 1633 2020 Tum
1646 1987 1784 2027 refulsit.

312 2031 435 2064 But-er.
450 2033 486 2064 id
501 2043 596 2065 unum
610 2033 729 2066 dixisse
743 2032 853 2073 Juvat,
875 2042 967 2074 quam
980 2033 1033 2064 ille
1045 2032 1185 2064 omnibus
1200 2031 1304 2071 fuerit
1320 2032 1446 2071 charus,
1469 2041 1540 2063 oum
1563 2030 1706 2070 refulsit,
1727 2033 1783 2072 &a

307 2074 494 2116 Heinsius,
507 2077 619 2108 nedum
634 2076 685 2108 hic
701 2076 838 2117 implere.
864 2075 1040 2115 Tentemua,
1053 2076 1107 2116 ⁸5⁶·
1154 2075 1248 2116 Lips.
1264 2084 1358 2115 quam
1370 2074 1423 2106 ille
1436 2075 1542 2106 omnin
1553 2073 1696 2107 omnibus
1709 2073 1784 2113 sue-

311 2118 368 2150 rit.
407 2118 589 2152 Ruhnken.
605 2129 696 2160 quam
712 2119 745 2151 in
760 2119 816 2151 illo
829 2118 932 2151 omnia
944 2118 1085 2151 omnibus
1092 2117 1230 2158 fuerint.
1267 2118 1497 2159 Burmannus,
1514 2122 1552 2150 ut
1567 2116 1700 2150 editum
1715 2120 1783 2158 est,

978 2216 1120 2249 NOTAE

355 2297 368 2318 y
393 2292 582 2324 Tribuniciae
594 2292 772 2335 potestatis]
789 2292 951 2334 intellige
963 2293 1021 2325 tri-

312 2341 483 2374 buniciam
512 2347 720 2384 potestatem
737 2344 862 2376 iterum
883 2343 1021 2376 Tiberio

312 2394 608 2427 communicatam.
651 2395 828 2437 Augustus
849 2394 940 2427 enim
963 2404 1021 2426 an-

311 2448 370 2476 tea
391 2444 455 2475 sibi
469 2444 643 2477 Tiberium
660 2446 867 2487 adjunxerat
891 2445 1020 2477 socium

310 2495 410 2537 hujus
432 2496 592 2529 muneris.
635 2496 806 2536 Observa,
831 2499 916 2537 tum,
933 2494 1022 2528 scili-

311 2550 369 2577 cet
397 2544 548 2588 Augusti
583 2552 753 2589 tempore,
790 2547 1021 2580 Tribunatum

310 2594 414 2628 fuisse
440 2597 649 2639 praecipuam
675 2606 843 2641 suprema
869 2597 1020 2631 domina-

312 2645 412 2678 tionis
427 2647 622 2689 imaginem.

355 2704 369 2719 2
389 2700 580 2740 Adoptaui]
589 2700 647 2739 {Id
669 2703 735 2739 est,
758 2694 796 2732 in
820 2699 882 2732 filii
907 2700 1020 2732 locum

314 2748 511 2781 ascisceret.
571 2749 738 2792 Adoptio,
772 2754 863 2783 teste
891 2750 1021 2791 Gellio,

314 2797 446 2830 dnobus
462 2800 571 2832 modis
590 2799 708 2833 fiebat.
757 2804 788 2833 1.
805 2802 876 2834 Pei·
892 2806 1018 2843 praeto-

313 2859 400 2893 rem,
415 2854 451 2883 et
464 2857 539 2885 erat
552 2852 691 2895 proprie
709 2852 863 2895 adoptio.
902 2856 933 2885 2.
948 2852 1019 2884 Per

1076 2293 1253 2335 populum,
1268 2291 1381 2334 aliquo
1396 2290 1600 2333 magistratu
1616 2291 1783 2331 rogante3

1076 2348 1113 2376 et
1139 2343 1312 2385 arrogatio
1339 2341 1531 2374 dicebatur.
1574 2340 1664 2373 Haee
1690 2349 1783 2372 nune

1074 2399 1194 2427 nostra
1209 2397 1316 2427 aetate
1329 2392 1370 2425 fit
1382 2402 1445 2435 per
1460 2391 1643 2434 principes.
1687 2390 1781 2423 Hinc

1074 2445 1097 2478 J
1100 2444 1321 2477 urisconsulti
1332 2443 1485 2482 tradunt,
1507 2445 1538 2474 1.
1549 2440 1783 2483 Adoptionem

1075 2506 1162 2537 esse,
1186 2506 1263 2529 cum
1290 2495 1331 2537 is,
1357 2494 1416 2537 qui
1439 2494 1491 2527 sui
1511 2493 1602 2536 juris
1627 2501 1694 2525 non
1716 2495 1783 2534 est,

1075 2548 1168 2590 apud
1183 2547 1429 2588 Magistratum
1445 2544 1572 2577 transit
1583 2543 1732 2576 alienam
1745 2542 1782 2575 in

1074 2598 1250 2631 familiam.
1318 2600 1351 2630 2.
1396 2595 1660 2637 Arrogationen
1687 2601 1783 2634 ense,

1075 2649 1213 2692 qnando
1227 2647 1436 2681 auctoritate
1457 2643 1782 2688 principisndopta-

1074 2710 1152 2732 mus
1165 2709 1225 2732 eos
1238 2699 1296 2742 qui
1308 2698 1360 2731 sui
1377 2701 1457 2730 sunt
1467 2695 1570 2739 juris.
1764 2702 1767 2703 ⁷

1118 2755 1133 2772 ²
1154 2751 1194 2783 Id
1209 2760 1305 2783 unum
1329 2749 1460 2789 dixisse,
1483 2746 1554 2789 θα]
1576 2745 1712 2788 Lipsius
1734 2746 1781 2778 le-

1075 2802 1139 2843 git,
1161 2801 1196 2833 id
1219 2811 1315 2833 unum
1330 2800 1454 2840 dixero,
1477 2798 1649 2841 quamSsc.
1693 2797 1778 2829 Vos-

1072 2852 1153 2895 sius,
1173 2852 1207 2885 id
1222 2862 1317 2885 uuum
1337 2851 1456 2884 dixisse
1482 2849 1591 2891 habeo,
1606 2857 1709 2891 quom,
1723 2849 1778 2890 ξε.
