<?xml version="1.0" encoding="UTF-8"?>
<!DOCTYPE html PUBLIC "-//W3C//DTD XHTML 1.0 Transitional//EN"
    "http://www.w3.org/TR/xhtml1/DTD/xhtml1-transitional.dtd">
<html xmlns="http://www.w3.org/1999/xhtml" xml:lang="en" lang="en">
 <head>
  <title>
</title>
<meta http-equiv="Content-Type" content="text/html;charset=utf-8" />
  <meta name='ocr-system' content='tesseract 3.04.00' />
  <meta name='ocr-capabilities' content='ocr_page ocr_carea ocr_par ocr_line ocrx_word'/>
</head>
<body>
  <div class='ocr_page' id='page_1' title='image "./historiaromanaex00velluoft_0488.png"; bbox 0 0 2008 3210; ppageno 0'>
   <div class='ocr_carea' id='block_1_1' title="bbox 343 206 428 251">
    <p class='ocr_par' dir='ltr' id='par_1_1' title="bbox 343 206 428 251">
     <span class='ocr_line' id='line_1_1' title="bbox 343 206 428 251; baseline 0.035 -3"><span class='ocrx_word' id='word_1_1' title='bbox 343 206 428 251; x_wconf 82' lang='lat'><strong>476</strong></span> 
     </span>
    </p>
   </div>
   <div class='ocr_carea' id='block_1_2' title="bbox 342 309 1071 2854">
    <p class='ocr_par' dir='ltr' id='par_1_2' title="bbox 342 309 1062 1822">
     <span class='ocr_line' id='line_1_2' title="bbox 342 309 1054 351; baseline -0.004 -6"><span class='ocrx_word' id='word_1_2' title='bbox 342 311 584 345; x_wconf 82' lang='lat' dir='ltr'><strong>claritudinem</strong></span> <span class='ocrx_word' id='word_1_3' title='bbox 601 315 861 351; x_wconf 71' lang='lat' dir='ltr'><strong>consen-vovere,</strong></span> <span class='ocrx_word' id='word_1_4' title='bbox 874 320 943 342; x_wconf 88' lang='lat' dir='ltr'><strong>non</strong></span> <span class='ocrx_word' id='word_1_5' title='bbox 966 309 1054 342; x_wconf 87' lang='lat' dir='ltr'><strong>adeo</strong></span> 
     </span>
     <span class='ocr_line' id='line_1_3' title="bbox 344 361 1054 404; baseline -0.006 -8"><span class='ocrx_word' id='word_1_6' title='bbox 344 367 399 396; x_wconf 87' lang='lat' dir='ltr'><strong>est</strong></span> <span class='ocrx_word' id='word_1_7' title='bbox 426 362 619 404; x_wconf 76' lang='lat' dir='ltr'><strong>dijudicata</strong></span> <span class='ocrx_word' id='word_1_8' title='bbox 646 361 763 395; x_wconf 83' lang='lat' dir='ltr'><strong>facile.</strong></span> <span class='ocrx_word' id='word_1_9' title='bbox 806 361 898 394; x_wconf 85' lang='lat' dir='ltr'>Vide</span> <span class='ocrx_word' id='word_1_10' title='bbox 929 361 971 393; x_wconf 87' lang='lat' dir='ltr'><strong>de</strong></span> <span class='ocrx_word' id='word_1_11' title='bbox 994 361 1054 393; x_wconf 87' lang='lat' dir='ltr'><strong>illa</strong></span> 
     </span>
     <span class='ocr_line' id='line_1_4' title="bbox 344 410 1054 457; baseline -0.004 -11"><span class='ocrx_word' id='word_1_12' title='bbox 344 413 533 457; x_wconf 86' lang='lat' dir='ltr'><strong>quaestione</strong></span> <span class='ocrx_word' id='word_1_13' title='bbox 571 412 649 456; x_wconf 90' lang='lat' dir='ltr'><strong>(nos</strong></span> <span class='ocrx_word' id='word_1_14' title='bbox 681 413 772 446; x_wconf 89' lang='lat' dir='ltr'><strong>enim</strong></span> <span class='ocrx_word' id='word_1_15' title='bbox 811 410 1054 455; x_wconf 80' lang='lat' dir='ltr'>properamus)</span> 
     </span>
     <span class='ocr_line' id='line_1_5' title="bbox 346 463 1052 498; baseline -0.003 0"><span class='ocrx_word' id='word_1_16' title='bbox 346 465 503 498; x_wconf 84' lang='lat' dir='ltr'><strong>Osorium</strong></span> <span class='ocrx_word' id='word_1_17' title='bbox 529 465 574 497; x_wconf 90' lang='lat' dir='ltr'><strong>de</strong></span> <span class='ocrx_word' id='word_1_18' title='bbox 599 464 692 498; x_wconf 87' lang='lat' dir='ltr'><strong>Nob.</strong></span> <span class='ocrx_word' id='word_1_19' title='bbox 709 465 783 498; x_wconf 84' lang='lat' dir='ltr'><strong>Civ.</strong></span> <span class='ocrx_word' id='word_1_20' title='bbox 807 465 866 497; x_wconf 90' lang='lat' dir='ltr'><strong>lib.</strong></span> <span class='ocrx_word' id='word_1_21' title='bbox 881 474 922 498; x_wconf 85' lang='grc'><strong>11.</strong></span> <span class='ocrx_word' id='word_1_22' title='bbox 959 463 1052 498; x_wconf 89' lang='lat' dir='ltr'><strong>Illud</strong></span> 
     </span>
     <span class='ocr_line' id='line_1_6' title="bbox 344 514 1053 548; baseline -0.003 0"><span class='ocrx_word' id='word_1_23' title='bbox 344 517 379 548; x_wconf 92' lang='lat' dir='ltr'><strong>in</strong></span> <span class='ocrx_word' id='word_1_24' title='bbox 393 516 460 548; x_wconf 90' lang='lat' dir='ltr'><strong>hoc</strong></span> <span class='ocrx_word' id='word_1_25' title='bbox 478 520 672 548; x_wconf 83' lang='lat' dir='ltr'><strong>transcursu</strong></span> <span class='ocrx_word' id='word_1_26' title='bbox 688 520 866 548; x_wconf 84' lang='lat' dir='ltr'><strong>notamus:</strong></span> <span class='ocrx_word' id='word_1_27' title='bbox 891 514 1053 547; x_wconf 85' lang='lat' dir='ltr'><strong>Hominis</strong></span> 
     </span>
     <span class='ocr_line' id='line_1_7' title="bbox 344 565 1053 609; baseline -0.001 -10"><span class='ocrx_word' id='word_1_28' title='bbox 344 567 437 600; x_wconf 87' lang='lat' dir='ltr'><strong>Novi</strong></span> <span class='ocrx_word' id='word_1_29' title='bbox 452 566 679 609; x_wconf 81' lang='lat' dir='ltr'><strong>significatum</strong></span> <span class='ocrx_word' id='word_1_30' title='bbox 696 565 879 609; x_wconf 85' lang='lat' dir='ltr'><strong>aliquando</strong></span> <span class='ocrx_word' id='word_1_31' title='bbox 895 575 939 598; x_wconf 87' lang='lat' dir='ltr'><strong>ex</strong></span> <span class='ocrx_word' id='word_1_32' title='bbox 954 569 1053 608; x_wconf 86' lang='lat' dir='ltr'><strong>parte</strong></span> 
     </span>
     <span class='ocr_line' id='line_1_8' title="bbox 345 616 1055 660; baseline 0 -10"><span class='ocrx_word' id='word_1_33' title='bbox 345 617 483 659; x_wconf 86' lang='lat' dir='ltr'><strong>referri,</strong></span> <span class='ocrx_word' id='word_1_34' title='bbox 521 618 593 650; x_wconf 87' lang='lat' dir='ltr'><strong>sive</strong></span> <span class='ocrx_word' id='word_1_35' title='bbox 639 618 834 651; x_wconf 83' lang='lat' dir='ltr'><strong>accuratius</strong></span> <span class='ocrx_word' id='word_1_36' title='bbox 871 616 1055 660; x_wconf 86' lang='lat' dir='ltr'><strong>loquendo,</strong></span> 
     </span>
     <span class='ocr_line' id='line_1_9' title="bbox 345 667 1054 710; baseline -0.001 -9"><span class='ocrx_word' id='word_1_37' title='bbox 345 679 440 710; x_wconf 88' lang='lat' dir='ltr'><strong>saepe</strong></span> <span class='ocrx_word' id='word_1_38' title='bbox 478 667 640 710; x_wconf 80' lang='lat' dir='ltr'><strong>conjungi</strong></span> <span class='ocrx_word' id='word_1_39' title='bbox 679 678 755 700; x_wconf 87' lang='lat' dir='ltr'><strong>cum</strong></span> <span class='ocrx_word' id='word_1_40' title='bbox 790 668 1054 710; x_wconf 78' lang='lat' dir='ltr'><strong>peregrinitate.</strong></span> 
     </span>
     <span class='ocr_line' id='line_1_10' title="bbox 345 719 1055 762; baseline -0.003 -10"><span class='ocrx_word' id='word_1_41' title='bbox 345 720 428 762; x_wconf 86' lang='lat' dir='ltr'><strong>Ipse</strong></span> <span class='ocrx_word' id='word_1_42' title='bbox 447 719 600 751; x_wconf 82' lang='lat' dir='ltr'><strong>Velleius</strong></span> <span class='ocrx_word' id='word_1_43' title='bbox 624 723 756 761; x_wconf 84' lang='lat' dir='ltr'><strong>noster,</strong></span> <span class='ocrx_word' id='word_1_44' title='bbox 787 720 796 737; x_wconf 92' lang='lat'>‘</span> <span class='ocrx_word' id='word_1_45' title='bbox 812 719 865 752; x_wconf 92' lang='grc' dir='ltr'><strong>Μ.</strong></span> <span class='ocrx_word' id='word_1_46' title='bbox 889 719 1055 752; x_wconf 88' lang='lat' dir='ltr'><strong>Catonem</strong></span> 
     </span>
     <span class='ocr_line' id='line_1_11' title="bbox 344 769 1055 812; baseline -0.006 -8"><span class='ocrx_word' id='word_1_47' title='bbox 344 779 470 804; x_wconf 85' lang='lat' dir='ltr'><strong>novum</strong></span> <span class='ocrx_word' id='word_1_48' title='bbox 506 769 612 803; x_wconf 88' lang='lat' dir='ltr'><strong>etiam</strong></span> <span class='ocrx_word' id='word_1_49' title='bbox 644 769 816 803; x_wconf 83' lang='lat' dir='ltr'><strong>Tusculo&#39;</strong></span> <span class='ocrx_word' id='word_1_50' title='bbox 846 769 947 812; x_wconf 88' lang='lat' dir='ltr'><strong>(sive,</strong></span> <span class='ocrx_word' id='word_1_51' title='bbox 971 772 1007 800; x_wconf 79' lang='lat' dir='ltr'><strong>›et</strong></span> <span class='ocrx_word' id='word_1_52' title='bbox 1036 779 1055 801; x_wconf 87' lang='lat' dir='ltr'><strong>a</strong></span> 
     </span>
     <span class='ocr_line' id='line_1_12' title="bbox 349 819 1052 863; baseline -0.006 -8"><span class='ocrx_word' id='word_1_53' title='bbox 349 822 490 863; x_wconf 76' lang='lat' dir='ltr'><strong>Tusculo,</strong></span> <span class='ocrx_word' id='word_1_54' title='bbox 515 822 606 854; x_wconf 88' lang='lat' dir='ltr'><strong>sicut</strong></span> <span class='ocrx_word' id='word_1_55' title='bbox 631 821 765 863; x_wconf 79' lang='lat' dir='ltr'><strong>Lipsius</strong></span> <span class='ocrx_word' id='word_1_56' title='bbox 785 819 894 863; x_wconf 88' lang='lat' dir='ltr'><strong>legit)</strong></span> <span class='ocrx_word' id='word_1_57' title='bbox 930 823 1052 852; x_wconf 80' lang='lat' dir='ltr'><strong>vocat:</strong></span> 
     </span>
     <span class='ocr_line' id='line_1_13' title="bbox 346 871 1055 915; baseline -0.001 -10"><span class='ocrx_word' id='word_1_58' title='bbox 346 882 539 915; x_wconf 80' lang='lat' dir='ltr'><strong>quanquam</strong></span> <span class='ocrx_word' id='word_1_59' title='bbox 565 872 739 904; x_wconf 88' lang='lat' dir='ltr'><strong>indicetur</strong></span> <span class='ocrx_word' id='word_1_60' title='bbox 770 882 850 904; x_wconf 87' lang='lat' dir='ltr'><strong>mox</strong></span> <span class='ocrx_word' id='word_1_61' title='bbox 881 871 1055 904; x_wconf 89' lang='lat' dir='ltr'><strong>distinctio</strong></span> 
     </span>
     <span class='ocr_line' id='line_1_14' title="bbox 347 922 1056 966; baseline -0.003 -10"><span class='ocrx_word' id='word_1_62' title='bbox 347 933 432 956; x_wconf 90' lang='lat' dir='ltr'><strong>voce</strong></span> <span class='ocrx_word' id='word_1_63' title='bbox 446 922 632 966; x_wconf 80' lang='lat' dir='ltr'><strong>Inquilini3</strong></span> <span class='ocrx_word' id='word_1_64' title='bbox 655 932 767 965; x_wconf 83' lang='lat' dir='ltr'><strong>neque</strong></span> <span class='ocrx_word' id='word_1_65' title='bbox 779 933 842 955; x_wconf 87' lang='lat' dir='ltr'><strong>uos</strong></span> <span class='ocrx_word' id='word_1_66' title='bbox 855 923 944 955; x_wconf 81' lang='lat' dir='ltr'><strong>latet</strong></span> <span class='ocrx_word' id='word_1_67' title='bbox 957 922 1056 955; x_wconf 90' lang='lat' dir='ltr'><strong>Cice-</strong></span> 
     </span>
     <span class='ocr_line' id='line_1_15' title="bbox 347 973 1055 1016; baseline -0.001 -9"><span class='ocrx_word' id='word_1_68' title='bbox 347 975 441 1008; x_wconf 84' lang='lat' dir='ltr'><strong>ronis</strong></span> <span class='ocrx_word' id='word_1_69' title='bbox 462 975 591 1016; x_wconf 87' lang='lat' dir='ltr'><strong>cautio,</strong></span> <span class='ocrx_word' id='word_1_70' title='bbox 617 974 838 1016; x_wconf 87' lang='lat' dir='ltr'><strong>peregrinum</strong></span> <span class='ocrx_word' id='word_1_71' title='bbox 853 973 980 1014; x_wconf 82' lang='lat' dir='ltr'><strong>vocari,</strong></span> <span class='ocrx_word' id='word_1_72' title='bbox 997 973 1055 1016; x_wconf 85' lang='lat' dir='ltr'><strong>qui</strong></span> 
     </span>
     <span class='ocr_line' id='line_1_16' title="bbox 347 1023 1055 1067; baseline -0.003 -9"><span class='ocrx_word' id='word_1_73' title='bbox 347 1036 367 1058; x_wconf 94' lang='lat' dir='ltr'><strong>e</strong></span> <span class='ocrx_word' id='word_1_74' title='bbox 382 1025 569 1067; x_wconf 90' lang='lat' dir='ltr'><strong>municipio</strong></span> <span class='ocrx_word' id='word_1_75' title='bbox 585 1030 652 1066; x_wconf 91' lang='lat' dir='ltr'><strong>est,</strong></span> <span class='ocrx_word' id='word_1_76' title='bbox 665 1035 732 1057; x_wconf 92' lang='lat' dir='ltr'><strong>non</strong></span> <span class='ocrx_word' id='word_1_77' title='bbox 748 1023 892 1057; x_wconf 84' lang='lat' dir='ltr'><strong>ferentis</strong></span> <span class='ocrx_word' id='word_1_78' title='bbox 904 1025 939 1056; x_wconf 90' lang='lat' dir='ltr'><strong>in</strong></span> <span class='ocrx_word' id='word_1_79' title='bbox 955 1025 1055 1057; x_wconf 87' lang='lat' dir='ltr'><strong>Orat.</strong></span> 
     </span>
     <span class='ocr_line' id='line_1_17' title="bbox 349 1076 1056 1119; baseline -0.001 -11"><span class='ocrx_word' id='word_1_80' title='bbox 349 1086 413 1119; x_wconf 87' lang='lat' dir='ltr'><strong>pro</strong></span> <span class='ocrx_word' id='word_1_81' title='bbox 436 1076 541 1116; x_wconf 88' lang='lat' dir='ltr'><strong>Sulla,</strong></span> <span class='ocrx_word' id='word_1_82' title='bbox 563 1086 593 1108; x_wconf 85' lang='lat' dir='ltr'><strong>c.</strong></span> <span class='ocrx_word' id='word_1_83' title='bbox 615 1079 648 1109; x_wconf 83' lang='lat'><strong>7.</strong></span> <span class='ocrx_word' id='word_1_84' title='bbox 674 1079 707 1109; x_wconf 88' lang='grc'><strong>8.</strong></span> <span class='ocrx_word' id='word_1_85' title='bbox 738 1077 799 1109; x_wconf 90' lang='lat' dir='ltr'><strong>sed</strong></span> <span class='ocrx_word' id='word_1_86' title='bbox 825 1086 887 1109; x_wconf 91' lang='lat' dir='ltr'><strong>nos</strong></span> <span class='ocrx_word' id='word_1_87' title='bbox 913 1076 1056 1108; x_wconf 83' lang='lat' dir='ltr'><strong>liberius</strong></span> 
     </span>
     <span class='ocr_line' id='line_1_18' title="bbox 347 1126 1057 1170; baseline 0 -11"><span class='ocrx_word' id='word_1_88' title='bbox 347 1128 478 1160; x_wconf 88' lang='lat' dir='ltr'><strong>utimur</strong></span> <span class='ocrx_word' id='word_1_89' title='bbox 500 1137 542 1159; x_wconf 91' lang='lat' dir='ltr'><strong>ea</strong></span> <span class='ocrx_word' id='word_1_90' title='bbox 557 1127 799 1169; x_wconf 80' lang='lat' dir='ltr'><strong>appellatione.</strong></span> <span class='ocrx_word' id='word_1_91' title='bbox 843 1126 946 1170; x_wconf 85' lang='lat' dir='ltr'><strong>Apud</strong></span> <span class='ocrx_word' id='word_1_92' title='bbox 965 1126 1057 1159; x_wconf 90' lang='lat' dir='ltr'><strong>Auc-</strong></span> 
     </span>
     <span class='ocr_line' id='line_1_19' title="bbox 347 1177 1057 1220; baseline -0.001 -10"><span class='ocrx_word' id='word_1_93' title='bbox 347 1182 458 1210; x_wconf 83' lang='lat' dir='ltr'><strong>torem</strong></span> <span class='ocrx_word' id='word_1_94' title='bbox 473 1177 518 1210; x_wconf 91' lang='lat' dir='ltr'><strong>de</strong></span> <span class='ocrx_word' id='word_1_95' title='bbox 540 1177 668 1210; x_wconf 80' lang='lat' dir='ltr'><strong>caussis</strong></span> <span class='ocrx_word' id='word_1_96' title='bbox 694 1182 869 1220; x_wconf 85' lang='lat' dir='ltr'><strong>corruptae</strong></span> <span class='ocrx_word' id='word_1_97' title='bbox 895 1178 1057 1220; x_wconf 86' lang='lat' dir='ltr'><strong>eloquen-</strong></span> 
     </span>
     <span class='ocr_line' id='line_1_20' title="bbox 349 1229 1058 1273; baseline -0.003 -11"><span class='ocrx_word' id='word_1_98' title='bbox 349 1230 408 1262; x_wconf 79' lang='lat' dir='ltr'><strong>tiae</strong></span> <span class='ocrx_word' id='word_1_99' title='bbox 437 1239 515 1272; x_wconf 89' lang='lat' dir='ltr'><strong>cap.</strong></span> <span class='ocrx_word' id='word_1_100' title='bbox 544 1232 575 1262; x_wconf 84' lang='grc'><strong>7,</strong></span> <span class='ocrx_word' id='word_1_101' title='bbox 608 1229 719 1272; x_wconf 87' lang='lat' dir='ltr'><strong>Aper,</strong></span> <span class='ocrx_word' id='word_1_102' title='bbox 752 1229 967 1273; x_wconf 89' lang='lat' dir='ltr'><strong>‘Equidem‚&#39;</strong></span> <span class='ocrx_word' id='word_1_103' title='bbox 1007 1229 1058 1261; x_wconf 90' lang='lat' dir='ltr'><strong>in-</strong></span> 
     </span>
     <span class='ocr_line' id='line_1_21' title="bbox 348 1280 1058 1324; baseline 0 -11"><span class='ocrx_word' id='word_1_104' title='bbox 348 1281 435 1324; x_wconf 91' lang='lat' dir='ltr'><strong>quit,</strong></span> <span class='ocrx_word' id='word_1_105' title='bbox 450 1284 459 1300; x_wconf 92' lang='lat'>‘</span> <span class='ocrx_word' id='word_1_106' title='bbox 474 1285 512 1313; x_wconf 91' lang='lat' dir='ltr'><strong>ut</strong></span> <span class='ocrx_word' id='word_1_107' title='bbox 527 1280 571 1313; x_wconf 91' lang='lat' dir='ltr'><strong>de</strong></span> <span class='ocrx_word' id='word_1_108' title='bbox 590 1290 645 1313; x_wconf 88' lang='lat' dir='ltr'><strong>me</strong></span> <span class='ocrx_word' id='word_1_109' title='bbox 666 1281 742 1323; x_wconf 89' lang='lat' dir='ltr'><strong>ipse</strong></span> <span class='ocrx_word' id='word_1_110' title='bbox 759 1280 881 1323; x_wconf 84' lang='lat' dir='ltr'><strong>fatear,</strong></span> <span class='ocrx_word' id='word_1_111' title='bbox 896 1290 964 1313; x_wconf 89' lang='lat' dir='ltr'><strong>non</strong></span> <span class='ocrx_word' id='word_1_112' title='bbox 979 1290 1058 1313; x_wconf 90' lang='lat' dir='ltr'><strong>eum</strong></span> 
     </span>
     <span class='ocr_line' id='line_1_22' title="bbox 349 1332 1058 1375; baseline 0 -11"><span class='ocrx_word' id='word_1_113' title='bbox 349 1333 438 1364; x_wconf 87' lang='lat' dir='ltr'><strong>diem</strong></span> <span class='ocrx_word' id='word_1_114' title='bbox 467 1332 639 1365; x_wconf 86' lang='lat' dir='ltr'><strong>laetiorem</strong></span> <span class='ocrx_word' id='word_1_115' title='bbox 665 1333 734 1375; x_wconf 87' lang='lat' dir='ltr'><strong>egi,</strong></span> <span class='ocrx_word' id='word_1_116' title='bbox 763 1342 831 1375; x_wconf 90' lang='lat' dir='ltr'><strong>quo</strong></span> <span class='ocrx_word' id='word_1_117' title='bbox 860 1332 942 1365; x_wconf 77' lang='lat' dir='ltr'><strong>mihi</strong></span> <span class='ocrx_word' id='word_1_118' title='bbox 968 1333 1058 1364; x_wconf 86' lang='lat' dir='ltr'><strong>latus</strong></span> 
     </span>
     <span class='ocr_line' id='line_1_23' title="bbox 350 1383 1059 1426; baseline 0 -11"><span class='ocrx_word' id='word_1_119' title='bbox 350 1384 467 1415; x_wconf 86' lang='lat' dir='ltr'><strong>clavus</strong></span> <span class='ocrx_word' id='word_1_120' title='bbox 483 1383 618 1415; x_wconf 89' lang='lat' dir='ltr'><strong>oblatus</strong></span> <span class='ocrx_word' id='word_1_121' title='bbox 632 1388 699 1424; x_wconf 86' lang='lat' dir='ltr'><strong>est,</strong></span> <span class='ocrx_word' id='word_1_122' title='bbox 713 1384 768 1416; x_wconf 90' lang='lat' dir='ltr'><strong>vel</strong></span> <span class='ocrx_word' id='word_1_123' title='bbox 790 1393 857 1426; x_wconf 90' lang='lat' dir='ltr'><strong>quo</strong></span> <span class='ocrx_word' id='word_1_124' title='bbox 878 1383 979 1415; x_wconf 87' lang='lat' dir='ltr'><strong>homo</strong></span> <span class='ocrx_word' id='word_1_125' title='bbox 1001 1392 1059 1415; x_wconf 92' lang='lat' dir='ltr'><strong>no-</strong></span> 
     </span>
     <span class='ocr_line' id='line_1_24' title="bbox 352 1433 1060 1467; baseline 0 -1"><span class='ocrx_word' id='word_1_126' title='bbox 352 1444 411 1466; x_wconf 88' lang='lat' dir='ltr'><strong>vus</strong></span> <span class='ocrx_word' id='word_1_127' title='bbox 435 1439 472 1466; x_wconf 84' lang='lat' dir='ltr'><strong>et</strong></span> <span class='ocrx_word' id='word_1_128' title='bbox 489 1435 523 1466; x_wconf 90' lang='lat' dir='ltr'><strong>in</strong></span> <span class='ocrx_word' id='word_1_129' title='bbox 544 1434 686 1467; x_wconf 88' lang='lat' dir='ltr'><strong>civitate</strong></span> <span class='ocrx_word' id='word_1_130' title='bbox 712 1435 851 1467; x_wconf 88' lang='lat' dir='ltr'><strong>minime</strong></span> <span class='ocrx_word' id='word_1_131' title='bbox 877 1433 1060 1467; x_wconf 82' lang='lat' dir='ltr'><strong>favorabili</strong></span> 
     </span>
     <span class='ocr_line' id='line_1_25' title="bbox 350 1485 1061 1527; baseline 0.001 -11"><span class='ocrx_word' id='word_1_132' title='bbox 350 1488 462 1526; x_wconf 81' lang='lat' dir='ltr'><strong>natus,</strong></span> <span class='ocrx_word' id='word_1_133' title='bbox 493 1488 702 1527; x_wconf 79' lang='lat' dir='ltr'><strong>quaesturam</strong></span> <span class='ocrx_word' id='word_1_134' title='bbox 737 1489 798 1518; x_wconf 90' lang='lat' dir='ltr'><strong>aut</strong></span> <span class='ocrx_word' id='word_1_135' title='bbox 835 1485 1061 1527; x_wconf 87' lang='lat' dir='ltr'><strong>tribunatum,</strong></span> 
     </span>
     <span class='ocr_line' id='line_1_26' title="bbox 352 1528 1061 1577; baseline 0 -11"><span class='ocrx_word' id='word_1_136' title='bbox 352 1539 412 1567; x_wconf 91' lang='lat' dir='ltr'><strong>aut</strong></span> <span class='ocrx_word' id='word_1_137' title='bbox 438 1539 627 1577; x_wconf 63' lang='lat' dir='ltr'><strong>praeturam</strong></span> <span class='ocrx_word' id='word_1_138' title='bbox 658 1535 803 1577; x_wconf 82' lang='lat' dir='ltr'><strong>accepi,’</strong></span> <span class='ocrx_word' id='word_1_139' title='bbox 827 1528 902 1568; x_wconf 35' lang='lat' dir='ltr'><strong>&amp;c.‘</strong></span> <span class='ocrx_word' id='word_1_140' title='bbox 937 1535 980 1567; x_wconf 89' lang='lat' dir='ltr'><strong>In</strong></span> <span class='ocrx_word' id='word_1_141' title='bbox 999 1536 1061 1567; x_wconf 85' lang='lat' dir='ltr'><strong>Ta-</strong></span> 
     </span>
     <span class='ocr_line' id='line_1_27' title="bbox 351 1584 1061 1627; baseline 0 -9"><span class='ocrx_word' id='word_1_142' title='bbox 351 1586 422 1618; x_wconf 85' lang='lat' dir='ltr'><strong>cito</strong></span> <span class='ocrx_word' id='word_1_143' title='bbox 446 1585 543 1627; x_wconf 83' lang='lat' dir='ltr'><strong>leges</strong></span> <span class='ocrx_word' id='word_1_144' title='bbox 568 1584 612 1619; x_wconf 87' lang='lat' dir='ltr'><strong>A.</strong></span> <span class='ocrx_word' id='word_1_145' title='bbox 627 1595 685 1618; x_wconf 77' lang='lat'><strong>111.</strong></span> <span class='ocrx_word' id='word_1_146' title='bbox 699 1589 753 1618; x_wconf 88' lang='grc'><strong>55.</strong></span> <span class='ocrx_word' id='word_1_147' title='bbox 770 1589 801 1619; x_wconf 83' lang='lat'><strong>3.</strong></span> <span class='ocrx_word' id='word_1_148' title='bbox 828 1587 838 1604; x_wconf 91' lang='lat'>‘</span> <span class='ocrx_word' id='word_1_149' title='bbox 855 1585 955 1617; x_wconf 88' lang='lat' dir='ltr'><strong>simul</strong></span> <span class='ocrx_word' id='word_1_150' title='bbox 979 1585 1061 1618; x_wconf 89' lang='lat' dir='ltr'><strong>novi</strong></span> 
     </span>
     <span class='ocr_line' id='line_1_28' title="bbox 351 1636 1061 1679; baseline 0 -10"><span class='ocrx_word' id='word_1_151' title='bbox 351 1636 504 1670; x_wconf 85' lang='lat' dir='ltr'><strong>homines</strong></span> <span class='ocrx_word' id='word_1_152' title='bbox 529 1646 549 1668; x_wconf 94' lang='lat' dir='ltr'><strong>e</strong></span> <span class='ocrx_word' id='word_1_153' title='bbox 575 1637 769 1679; x_wconf 84' lang='lat' dir='ltr'><strong>municipiis</strong></span> <span class='ocrx_word' id='word_1_154' title='bbox 791 1641 828 1669; x_wconf 88' lang='lat' dir='ltr'><strong>et</strong></span> <span class='ocrx_word' id='word_1_155' title='bbox 852 1637 994 1669; x_wconf 88' lang='lat' dir='ltr'><strong>coloniis</strong></span> <span class='ocrx_word' id='word_1_156' title='bbox 1011 1640 1061 1669; x_wconf 89' lang='lat' dir='ltr'><strong>at-</strong></span> 
     </span>
     <span class='ocr_line' id='line_1_29' title="bbox 351 1687 1061 1730; baseline 0.001 -12"><span class='ocrx_word' id='word_1_157' title='bbox 351 1697 418 1730; x_wconf 90' lang='lat' dir='ltr'><strong>que</strong></span> <span class='ocrx_word' id='word_1_158' title='bbox 433 1687 536 1719; x_wconf 84' lang='lat' dir='ltr'><strong>etiam</strong></span> <span class='ocrx_word' id='word_1_159' title='bbox 553 1687 751 1729; x_wconf 89' lang='lat' dir='ltr'><strong>provinciis,</strong></span> <span class='ocrx_word' id='word_1_160' title='bbox 766 1688 801 1719; x_wconf 89' lang='lat' dir='ltr'><strong>in</strong></span> <span class='ocrx_word' id='word_1_161' title='bbox 816 1692 972 1720; x_wconf 88' lang='lat' dir='ltr'><strong>senatum</strong></span> <span class='ocrx_word' id='word_1_162' title='bbox 987 1697 1061 1724; x_wconf 86' lang='lat' dir='ltr'><strong>cre-</strong></span> 
     </span>
     <span class='ocr_line' id='line_1_30' title="bbox 350 1737 1062 1782; baseline 0.004 -13"><span class='ocrx_word' id='word_1_163' title='bbox 350 1738 412 1770; x_wconf 90' lang='lat' dir='ltr'><strong>bro</strong></span> <span class='ocrx_word' id='word_1_164' title='bbox 425 1737 565 1770; x_wconf 87' lang='lat' dir='ltr'><strong>assumti</strong></span> <span class='ocrx_word' id='word_1_165' title='bbox 580 1737 802 1771; x_wconf 85' lang='lat' dir='ltr'><strong>domesticam</strong></span> <span class='ocrx_word' id='word_1_166' title='bbox 815 1739 1062 1782; x_wconf 86' lang='lat' dir='ltr'><strong>parcimoniam</strong></span> 
     </span>
     <span class='ocr_line' id='line_1_31' title="bbox 351 1788 771 1822; baseline 0.002 -1"><span class='ocrx_word' id='word_1_167' title='bbox 351 1788 556 1821; x_wconf 83' lang='lat' dir='ltr'><strong>intulerunt.</strong></span> <span class='ocrx_word' id='word_1_168' title='bbox 594 1789 771 1822; x_wconf 82' lang='lat' dir='ltr'><strong>Boeclerus.</strong></span> 
     </span>
    </p>

    <p class='ocr_par' dir='ltr' id='par_1_3' title="bbox 353 1838 1063 1974">
     <span class='ocr_line' id='line_1_32' title="bbox 396 1838 1063 1884; baseline 0.004 -14"><span class='ocrx_word' id='word_1_169' title='bbox 396 1838 452 1881; x_wconf 80' lang='lat' dir='ltr'><strong>Sp.</strong></span> <span class='ocrx_word' id='word_1_170' title='bbox 468 1839 659 1881; x_wconf 79' lang='lat' dir='ltr'><strong>Carvilium]</strong></span> <span class='ocrx_word' id='word_1_171' title='bbox 672 1839 808 1881; x_wconf 87' lang='lat' dir='ltr'><strong>Opinor</strong></span> <span class='ocrx_word' id='word_1_172' title='bbox 818 1851 837 1873; x_wconf 83' lang='lat' dir='ltr'><strong><em>v</em></strong></span> <span class='ocrx_word' id='word_1_173' title='bbox 850 1851 912 1882; x_wconf 86' lang='lat' dir='ltr'><strong>pro</strong></span> <span class='ocrx_word' id='word_1_174' title='bbox 924 1841 943 1872; x_wconf 87' lang='lat' dir='ltr'><strong>b</strong></span> <span class='ocrx_word' id='word_1_175' title='bbox 955 1840 1063 1884; x_wconf 88' lang='lat' dir='ltr'><strong>scrip-</strong></span> 
     </span>
     <span class='ocr_line' id='line_1_33' title="bbox 355 1890 1062 1934; baseline 0.003 -12"><span class='ocrx_word' id='word_1_176' title='bbox 355 1894 446 1923; x_wconf 85' lang='lat' dir='ltr'><strong>tum:</strong></span> <span class='ocrx_word' id='word_1_177' title='bbox 469 1899 548 1923; x_wconf 91' lang='lat' dir='ltr'><strong>nam</strong></span> <span class='ocrx_word' id='word_1_178' title='bbox 564 1890 649 1922; x_wconf 89' lang='lat' dir='ltr'><strong>alias</strong></span> <span class='ocrx_word' id='word_1_179' title='bbox 666 1891 757 1924; x_wconf 84' lang='lat' dir='ltr'><strong>solet</strong></span> <span class='ocrx_word' id='word_1_180' title='bbox 772 1891 878 1924; x_wconf 86' lang='lat' dir='ltr'><strong>scribi</strong></span> <span class='ocrx_word' id='word_1_181' title='bbox 902 1892 963 1934; x_wconf 82' lang='lat' dir='ltr'><strong>Sp.</strong></span> <span class='ocrx_word' id='word_1_182' title='bbox 981 1893 1062 1924; x_wconf 77' lang='lat' dir='ltr'><strong>Car-</strong></span> 
     </span>
     <span class='ocr_line' id='line_1_34' title="bbox 353 1936 620 1974; baseline 0.004 -1"><span class='ocrx_word' id='word_1_183' title='bbox 353 1941 457 1974; x_wconf 74' lang='lat' dir='ltr'><strong>bilius.</strong></span> <span class='ocrx_word' id='word_1_184' title='bbox 477 1936 620 1974; x_wconf 76' lang='lat' dir='ltr'><strong>Burrer.</strong></span> 
     </span>
    </p>

    <p class='ocr_par' dir='ltr' id='par_1_4' title="bbox 354 1993 1065 2088">
     <span class='ocr_line' id='line_1_35' title="bbox 400 1993 1064 2036; baseline 0.003 -11"><span class='ocrx_word' id='word_1_185' title='bbox 400 1994 523 2026; x_wconf 78' lang='lat' dir='ltr'><strong>Novum</strong></span> <span class='ocrx_word' id='word_1_186' title='bbox 537 1993 644 2035; x_wconf 78' lang='lat' dir='ltr'><strong>etiam,</strong></span> <span class='ocrx_word' id='word_1_187' title='bbox 658 1993 728 2036; x_wconf 50' lang='grc' dir='ltr'><strong>θα]</strong></span> <span class='ocrx_word' id='word_1_188' title='bbox 754 1993 816 2036; x_wconf 87' lang='lat' dir='ltr'><strong>Ut,</strong></span> <span class='ocrx_word' id='word_1_189' title='bbox 827 1994 837 2011; x_wconf 89' lang='lat'>‘</span> <span class='ocrx_word' id='word_1_190' title='bbox 854 1993 981 2036; x_wconf 86' lang='lat' dir='ltr'><strong>hospes</strong></span> <span class='ocrx_word' id='word_1_191' title='bbox 998 1994 1064 2027; x_wconf 83' lang='lat' dir='ltr'><strong>Za-</strong></span> 
     </span>
     <span class='ocr_line' id='line_1_36' title="bbox 354 2043 1065 2088; baseline 0.003 -12"><span class='ocrx_word' id='word_1_192' title='bbox 354 2043 505 2086; x_wconf 58' lang='lat' dir='ltr'><strong>cyntho)</strong></span> <span class='ocrx_word' id='word_1_193' title='bbox 517 2045 668 2087; x_wconf 88' lang='lat' dir='ltr'><strong>Lipsius,</strong></span> <span class='ocrx_word' id='word_1_194' title='bbox 677 2049 709 2078; x_wconf 88' lang='lat' dir='ltr'><strong>et</strong></span> <span class='ocrx_word' id='word_1_195' title='bbox 722 2056 742 2077; x_wconf 90' lang='lat' dir='ltr'><strong>a</strong></span> <span class='ocrx_word' id='word_1_196' title='bbox 755 2046 896 2087; x_wconf 79' lang='lat' dir='ltr'><strong>Tusculo,</strong></span> <span class='ocrx_word' id='word_1_197' title='bbox 910 2047 1065 2088; x_wconf 61' lang='lat' dir='ltr'><strong>&amp;c.Voss.</strong></span> 
     </span>
    </p>

    <p class='ocr_par' dir='ltr' id='par_1_5' title="bbox 353 2097 1066 2394">
     <span class='ocr_line' id='line_1_37' title="bbox 400 2097 1064 2139; baseline 0 -10"><span class='ocrx_word' id='word_1_198' title='bbox 400 2097 466 2133; x_wconf 79' lang='lat' dir='ltr'><strong>Qui</strong></span> <span class='ocrx_word' id='word_1_199' title='bbox 494 2097 533 2129; x_wconf 87' lang='lat' dir='ltr'><strong>C.</strong></span> <span class='ocrx_word' id='word_1_200' title='bbox 554 2097 714 2138; x_wconf 81' lang='lat' dir='ltr'><strong>Marium]</strong></span> <span class='ocrx_word' id='word_1_201' title='bbox 747 2097 816 2131; x_wconf 85' lang='lat' dir='ltr'><strong>Qui</strong></span> <span class='ocrx_word' id='word_1_202' title='bbox 844 2098 1003 2139; x_wconf 89' lang='lat' dir='ltr'><strong>apposite</strong></span> <span class='ocrx_word' id='word_1_203' title='bbox 1029 2098 1064 2129; x_wconf 92' lang='lat' dir='ltr'><strong>in</strong></span> 
     </span>
     <span class='ocr_line' id='line_1_38' title="bbox 353 2147 1064 2190; baseline 0 -9"><span class='ocrx_word' id='word_1_204' title='bbox 353 2148 441 2182; x_wconf 84' lang='lat' dir='ltr'><strong>hanc</strong></span> <span class='ocrx_word' id='word_1_205' title='bbox 458 2157 528 2180; x_wconf 88' lang='lat' dir='ltr'><strong>rem</strong></span> <span class='ocrx_word' id='word_1_206' title='bbox 545 2148 708 2180; x_wconf 83' lang='lat' dir='ltr'><strong>adversus</strong></span> <span class='ocrx_word' id='word_1_207' title='bbox 732 2147 866 2180; x_wconf 87' lang='lat' dir='ltr'><strong>invidos</strong></span> <span class='ocrx_word' id='word_1_208' title='bbox 882 2148 975 2190; x_wconf 88' lang='lat' dir='ltr'><strong>apud</strong></span> <span class='ocrx_word' id='word_1_209' title='bbox 990 2148 1064 2181; x_wconf 91' lang='lat' dir='ltr'><strong>Sal—</strong></span> 
     </span>
     <span class='ocr_line' id='line_1_39' title="bbox 354 2200 1065 2242; baseline 0.003 -10"><span class='ocrx_word' id='word_1_210' title='bbox 354 2200 491 2232; x_wconf 89' lang='lat' dir='ltr'><strong>lustium</strong></span> <span class='ocrx_word' id='word_1_211' title='bbox 505 2211 513 2233; x_wconf 85' lang='lat'>:</span> <span class='ocrx_word' id='word_1_212' title='bbox 536 2201 545 2218; x_wconf 90' lang='lat'>‘</span> <span class='ocrx_word' id='word_1_213' title='bbox 562 2200 666 2235; x_wconf 83' lang='lat' dir='ltr'><strong>Quod</strong></span> <span class='ocrx_word' id='word_1_214' title='bbox 682 2201 754 2233; x_wconf 90' lang='lat' dir='ltr'><strong>sine</strong></span> <span class='ocrx_word' id='word_1_215' title='bbox 769 2200 853 2242; x_wconf 86' lang='lat' dir='ltr'><strong>jure</strong></span> <span class='ocrx_word' id='word_1_216' title='bbox 868 2200 1065 2242; x_wconf 85' lang='lat' dir='ltr'><strong>despiciunt</strong></span> 
     </span>
     <span class='ocr_line' id='line_1_40' title="bbox 354 2250 1066 2294; baseline 0.003 -12"><span class='ocrx_word' id='word_1_217' title='bbox 354 2261 423 2292; x_wconf 86' lang='lat' dir='ltr'><strong>me,</strong></span> <span class='ocrx_word' id='word_1_218' title='bbox 437 2250 568 2283; x_wconf 87' lang='lat' dir='ltr'><strong>faciant</strong></span> <span class='ocrx_word' id='word_1_219' title='bbox 582 2251 673 2283; x_wconf 86' lang='lat' dir='ltr'><strong>idem</strong></span> <span class='ocrx_word' id='word_1_220' title='bbox 690 2251 876 2294; x_wconf 83' lang='lat' dir='ltr'><strong>majoribus</strong></span> <span class='ocrx_word' id='word_1_221' title='bbox 893 2253 975 2292; x_wconf 86' lang='lat' dir='ltr'><strong>suis,</strong></span> <span class='ocrx_word' id='word_1_222' title='bbox 990 2253 1066 2294; x_wconf 91' lang='lat' dir='ltr'><strong>qui-</strong></span> 
     </span>
     <span class='ocr_line' id='line_1_41' title="bbox 354 2301 1065 2343; baseline 0.001 -9"><span class='ocrx_word' id='word_1_223' title='bbox 354 2302 430 2343; x_wconf 86' lang='lat' dir='ltr'><strong>bus,</strong></span> <span class='ocrx_word' id='word_1_224' title='bbox 459 2301 510 2333; x_wconf 79' lang='lat' dir='ltr'><strong>uti</strong></span> <span class='ocrx_word' id='word_1_225' title='bbox 540 2301 635 2342; x_wconf 89' lang='lat' dir='ltr'><strong>mihi,</strong></span> <span class='ocrx_word' id='word_1_226' title='bbox 669 2311 714 2335; x_wconf 89' lang='lat' dir='ltr'><strong>ex</strong></span> <span class='ocrx_word' id='word_1_227' title='bbox 744 2301 874 2334; x_wconf 82' lang='lat' dir='ltr'><strong>virtute</strong></span> <span class='ocrx_word' id='word_1_228' title='bbox 903 2303 1065 2335; x_wconf 85' lang='lat' dir='ltr'><strong>nobilitas</strong></span> 
     </span>
     <span class='ocr_line' id='line_1_42' title="bbox 355 2351 631 2394; baseline -0.004 -9"><span class='ocrx_word' id='word_1_229' title='bbox 355 2351 483 2394; x_wconf 88' lang='lat' dir='ltr'><strong>coepit.’</strong></span> <span class='ocrx_word' id='word_1_230' title='bbox 506 2351 631 2384; x_wconf 76' lang='lat' dir='ltr'><strong>Acidal.</strong></span> 
     </span>
    </p>

    <p class='ocr_par' dir='ltr' id='par_1_6' title="bbox 356 2402 1071 2854">
     <span class='ocr_line' id='line_1_43' title="bbox 401 2402 1065 2445; baseline 0.006 -12"><span class='ocrx_word' id='word_1_231' title='bbox 401 2402 466 2439; x_wconf 79' lang='lat' dir='ltr'><strong>Qui</strong></span> <span class='ocrx_word' id='word_1_232' title='bbox 483 2402 536 2434; x_wconf 91' lang='lat' dir='ltr'><strong>M.</strong></span> <span class='ocrx_word' id='word_1_233' title='bbox 557 2402 673 2444; x_wconf 77' lang='lat' dir='ltr'><strong>Tullio]</strong></span> <span class='ocrx_word' id='word_1_234' title='bbox 708 2403 835 2445; x_wconf 84' lang='lat' dir='ltr'><strong>Vulgo,</strong></span> <span class='ocrx_word' id='word_1_235' title='bbox 863 2405 916 2437; x_wconf 91' lang='lat' dir='ltr'><strong>M.</strong></span> <span class='ocrx_word' id='word_1_236' title='bbox 943 2404 1065 2438; x_wconf 76' lang='lat' dir='ltr'><strong>Fulvio.</strong></span> 
     </span>
     <span class='ocr_line' id='line_1_44' title="bbox 359 2452 1065 2494; baseline 0.006 -10"><span class='ocrx_word' id='word_1_237' title='bbox 359 2452 424 2490; x_wconf 84' lang='lat' dir='ltr'><strong>Qui</strong></span> <span class='ocrx_word' id='word_1_238' title='bbox 449 2452 502 2485; x_wconf 89' lang='lat' dir='ltr'><strong>M.</strong></span> <span class='ocrx_word' id='word_1_239' title='bbox 530 2452 658 2494; x_wconf 81' lang='lat' dir='ltr'><strong>Fulvio]</strong></span> <span class='ocrx_word' id='word_1_240' title='bbox 695 2453 782 2486; x_wconf 84' lang='lat' dir='ltr'><strong>Quis</strong></span> <span class='ocrx_word' id='word_1_241' title='bbox 805 2463 888 2486; x_wconf 84' lang='lat' dir='ltr'><strong>vero</strong></span> <span class='ocrx_word' id='word_1_242' title='bbox 919 2454 986 2485; x_wconf 84' lang='lat' dir='ltr'><strong>iste</strong></span> <span class='ocrx_word' id='word_1_243' title='bbox 1014 2454 1065 2488; x_wconf 89' lang='lat' dir='ltr'><strong>M.</strong></span> 
     </span>
     <span class='ocr_line' id='line_1_45' title="bbox 357 2502 1066 2547; baseline 0.001 -12"><span class='ocrx_word' id='word_1_244' title='bbox 357 2502 521 2536; x_wconf 78' lang='lat' dir='ltr'><strong>Fulvius?</strong></span> <span class='ocrx_word' id='word_1_245' title='bbox 566 2502 734 2545; x_wconf 88' lang='lat' dir='ltr'><strong>Primum,</strong></span> <span class='ocrx_word' id='word_1_246' title='bbox 755 2513 821 2547; x_wconf 85' lang='lat' dir='ltr'><strong>nec</strong></span> <span class='ocrx_word' id='word_1_247' title='bbox 846 2514 929 2545; x_wconf 84' lang='lat' dir='ltr'><strong>gens</strong></span> <span class='ocrx_word' id='word_1_248' title='bbox 945 2505 1066 2536; x_wconf 84' lang='lat' dir='ltr'><strong>Fulvia</strong></span> 
     </span>
     <span class='ocr_line' id='line_1_46' title="bbox 356 2555 1067 2600; baseline 0.001 -14"><span class='ocrx_word' id='word_1_249' title='bbox 356 2555 568 2587; x_wconf 82' lang='lat' dir='ltr'><strong>internovas</strong></span> <span class='ocrx_word' id='word_1_250' title='bbox 585 2558 650 2599; x_wconf 77' lang='lat' dir='ltr'><strong>est,</strong></span> <span class='ocrx_word' id='word_1_251' title='bbox 666 2558 777 2594; x_wconf 80' lang='lat' dir='ltr'><strong>vetus,</strong></span> <span class='ocrx_word' id='word_1_252' title='bbox 791 2559 828 2600; x_wconf 85' lang='lat' dir='ltr'><strong>et</strong></span> <span class='ocrx_word' id='word_1_253' title='bbox 842 2555 950 2587; x_wconf 88' lang='lat' dir='ltr'><strong>multa</strong></span> <span class='ocrx_word' id='word_1_254' title='bbox 964 2556 1067 2598; x_wconf 85' lang='lat' dir='ltr'><strong>copia</strong></span> 
     </span>
     <span class='ocr_line' id='line_1_47' title="bbox 358 2605 1066 2648; baseline 0.004 -12"><span class='ocrx_word' id='word_1_255' title='bbox 358 2605 544 2637; x_wconf 88' lang='lat' dir='ltr'><strong>honorum:</strong></span> <span class='ocrx_word' id='word_1_256' title='bbox 585 2613 648 2636; x_wconf 89' lang='lat' dir='ltr'><strong>nec</strong></span> <span class='ocrx_word' id='word_1_257' title='bbox 680 2605 715 2636; x_wconf 90' lang='lat' dir='ltr'><strong>in</strong></span> <span class='ocrx_word' id='word_1_258' title='bbox 742 2614 784 2637; x_wconf 89' lang='lat' dir='ltr'><strong>ea</strong></span> <span class='ocrx_word' id='word_1_259' title='bbox 812 2606 1004 2648; x_wconf 86' lang='lat' dir='ltr'><strong>quisquam,</strong></span> <span class='ocrx_word' id='word_1_260' title='bbox 1031 2607 1066 2639; x_wconf 92' lang='lat' dir='ltr'><strong>in</strong></span> 
     </span>
     <span class='ocr_line' id='line_1_48' title="bbox 357 2654 1068 2700; baseline 0.004 -13"><span class='ocrx_word' id='word_1_261' title='bbox 357 2665 459 2697; x_wconf 87' lang='lat' dir='ltr'><strong>quem</strong></span> <span class='ocrx_word' id='word_1_262' title='bbox 473 2659 541 2687; x_wconf 90' lang='lat' dir='ltr'><strong>tam</strong></span> <span class='ocrx_word' id='word_1_263' title='bbox 552 2654 729 2687; x_wconf 86' lang='lat' dir='ltr'><strong>invidiosae</strong></span> <span class='ocrx_word' id='word_1_264' title='bbox 738 2656 905 2698; x_wconf 85' lang='lat' dir='ltr'><strong>potentiae</strong></span> <span class='ocrx_word' id='word_1_265' title='bbox 917 2658 1068 2700; x_wconf 86' lang='lat' dir='ltr'><strong>elogium</strong></span> 
     </span>
     <span class='ocr_line' id='line_1_49' title="bbox 357 2706 1066 2749; baseline 0.006 -13"><span class='ocrx_word' id='word_1_266' title='bbox 357 2706 550 2738; x_wconf 86' lang='lat' dir='ltr'><strong>conveniat.</strong></span> <span class='ocrx_word' id='word_1_267' title='bbox 594 2706 688 2738; x_wconf 85' lang='lat' dir='ltr'><strong>Vere</strong></span> <span class='ocrx_word' id='word_1_268' title='bbox 715 2710 752 2738; x_wconf 90' lang='lat' dir='ltr'><strong>et</strong></span> <span class='ocrx_word' id='word_1_269' title='bbox 781 2706 881 2739; x_wconf 89' lang='lat' dir='ltr'><strong>avide</strong></span> <span class='ocrx_word' id='word_1_270' title='bbox 906 2709 1066 2749; x_wconf 84' lang='lat' dir='ltr'><strong>corrigo:</strong></span> 
     </span>
     <span class='ocr_line' id='line_1_50' title="bbox 358 2755 1069 2799; baseline 0.007 -14"><span class='ocrx_word' id='word_1_271' title='bbox 358 2755 410 2795; x_wconf 82' lang='grc' dir='ltr'><strong>Μ.</strong></span> <span class='ocrx_word' id='word_1_272' title='bbox 429 2755 542 2786; x_wconf 80' lang='lat' dir='ltr'><strong>Tullio.</strong></span> <span class='ocrx_word' id='word_1_273' title='bbox 588 2755 738 2799; x_wconf 77' lang='lat' dir='ltr'><strong>OmnIno</strong></span> <span class='ocrx_word' id='word_1_274' title='bbox 765 2761 885 2789; x_wconf 84' lang='lat' dir='ltr'><strong>nostra</strong></span> <span class='ocrx_word' id='word_1_275' title='bbox 911 2757 971 2790; x_wconf 89' lang='lat' dir='ltr'><strong>illa</strong></span> <span class='ocrx_word' id='word_1_276' title='bbox 1001 2759 1069 2790; x_wconf 90' lang='lat' dir='ltr'><strong>Ro-</strong></span> 
     </span>
     <span class='ocr_line' id='line_1_51' title="bbox 359 2806 1071 2854; baseline 0.001 -13"><span class='ocrx_word' id='word_1_277' title='bbox 359 2814 459 2841; x_wconf 76' lang='lat' dir='ltr'><strong>mana</strong></span> <span class='ocrx_word' id='word_1_278' title='bbox 473 2806 586 2840; x_wconf 83' lang='lat' dir='ltr'><strong>Suada</strong></span> <span class='ocrx_word' id='word_1_279' title='bbox 602 2811 668 2852; x_wconf 82' lang='lat' dir='ltr'><strong>est,</strong></span> <span class='ocrx_word' id='word_1_280' title='bbox 688 2807 722 2840; x_wconf 89' lang='lat' dir='ltr'><strong>in</strong></span> <span class='ocrx_word' id='word_1_281' title='bbox 738 2817 839 2854; x_wconf 85' lang='lat' dir='ltr'><strong>quam</strong></span> <span class='ocrx_word' id='word_1_282' title='bbox 866 2808 940 2842; x_wconf 82' lang='lat' dir='ltr'><strong>haec</strong></span> <span class='ocrx_word' id='word_1_283' title='bbox 957 2809 1071 2843; x_wconf 77' lang='lat' dir='ltr'><strong>omnia</strong></span> 
     </span>
    </p>
   </div>
   <div class='ocr_carea' id='block_1_3' title="bbox 650 212 1502 246">
    <p class='ocr_par' dir='ltr' id='par_1_7' title="bbox 650 212 1502 246">
     <span class='ocr_line' id='line_1_52' title="bbox 650 212 1502 246; baseline -0.001 -1"><span class='ocrx_word' id='word_1_284' title='bbox 650 214 792 246; x_wconf 82' lang='lat' dir='ltr'><strong>NOTAE</strong></span> <span class='ocrx_word' id='word_1_285' title='bbox 827 213 1179 246; x_wconf 78' lang='lat' dir='ltr'><strong>VARloRUM.1N</strong></span> <span class='ocrx_word' id='word_1_286' title='bbox 1204 212 1502 245; x_wconf 69' lang='grc' dir='ltr'><strong>,ΡΑΊἘΒΟΗῙᾸ</strong></span> 
     </span>
    </p>
   </div>
   <div class='ocr_carea' id='block_1_4' title="bbox 1102 306 1839 2854">
    <p class='ocr_par' dir='ltr' id='par_1_8' title="bbox 1102 306 1819 1116">
     <span class='ocr_line' id='line_1_53' title="bbox 1102 306 1809 350; baseline -0.004 -8"><span class='ocrx_word' id='word_1_287' title='bbox 1102 309 1255 343; x_wconf 72' lang='lat' dir='ltr'><strong>cadunt.&#39;</strong></span> <span class='ocrx_word' id='word_1_288' title='bbox 1284 309 1351 342; x_wconf 92' lang='lat' dir='ltr'><strong>llle</strong></span> <span class='ocrx_word' id='word_1_289' title='bbox 1360 317 1480 348; x_wconf 82' lang='lat' dir='ltr'><strong>novus,</strong></span> <span class='ocrx_word' id='word_1_290' title='bbox 1491 306 1581 350; x_wconf 85' lang='lat' dir='ltr'><strong>quod</strong></span> <span class='ocrx_word' id='word_1_291' title='bbox 1595 306 1670 349; x_wconf 80' lang='lat' dir='ltr'><strong>ipse‘</strong></span> <span class='ocrx_word' id='word_1_292' title='bbox 1684 307 1809 350; x_wconf 81' lang='lat' dir='ltr'><strong>aliique</strong></span> 
     </span>
     <span class='ocr_line' id='line_1_54' title="bbox 1102 357 1811 400; baseline -0.001 -8"><span class='ocrx_word' id='word_1_293' title='bbox 1102 363 1295 392; x_wconf 84' lang='lat' dir='ltr'><strong>testantur:</strong></span> <span class='ocrx_word' id='word_1_294' title='bbox 1318 359 1376 392; x_wconf 89' lang='lat' dir='ltr'><strong>ille</strong></span> <span class='ocrx_word' id='word_1_295' title='bbox 1393 363 1516 400; x_wconf 83' lang='lat' dir='ltr'><strong>potens</strong></span> <span class='ocrx_word' id='word_1_296' title='bbox 1532 361 1568 389; x_wconf 88' lang='lat' dir='ltr'><strong>et</strong></span> <span class='ocrx_word' id='word_1_297' title='bbox 1594 357 1724 391; x_wconf 77' lang='lat' dir='ltr'><strong>caelesti</strong></span> <span class='ocrx_word' id='word_1_298' title='bbox 1748 367 1811 391; x_wconf 72' lang='lat' dir='ltr'><strong>sua</strong></span> 
     </span>
     <span class='ocr_line' id='line_1_55' title="bbox 1102 410 1813 454; baseline -0.001 -9"><span class='ocrx_word' id='word_1_299' title='bbox 1102 412 1373 454; x_wconf 80' lang='lat' dir='ltr'><strong>linguaSenatus</strong></span> <span class='ocrx_word' id='word_1_300' title='bbox 1386 410 1572 452; x_wconf 82' lang='lat' dir='ltr'><strong>populique</strong></span> <span class='ocrx_word' id='word_1_301' title='bbox 1585 413 1711 444; x_wconf 87' lang='lat' dir='ltr'><strong>rector.</strong></span> <span class='ocrx_word' id='word_1_302' title='bbox 1747 410 1813 444; x_wconf 70' lang='lat' dir='ltr'><strong>Aa·</strong></span> 
     </span>
     <span class='ocr_line' id='line_1_56' title="bbox 1104 462 1808 505; baseline -0.003 -8"><span class='ocrx_word' id='word_1_303' title='bbox 1104 464 1263 497; x_wconf 87' lang='lat' dir='ltr'><strong>sensione</strong></span> <span class='ocrx_word' id='word_1_304' title='bbox 1279 472 1341 495; x_wconf 87' lang='lat' dir='ltr'><strong>sua</strong></span> <span class='ocrx_word' id='word_1_305' title='bbox 1362 463 1428 505; x_wconf 88' lang='lat' dir='ltr'><strong>(ita</strong></span> <span class='ocrx_word' id='word_1_306' title='bbox 1443 462 1568 502; x_wconf 70' lang='lat' dir='ltr'><strong>verius,</strong></span> <span class='ocrx_word' id='word_1_307' title='bbox 1589 471 1690 504; x_wconf 85' lang='lat' dir='ltr'><strong>qnam</strong></span> <span class='ocrx_word' id='word_1_308' title='bbox 1703 472 1808 495; x_wconf 73' lang='lat' dir='ltr'><strong>men-</strong></span> 
     </span>
     <span class='ocr_line' id='line_1_57' title="bbox 1104 511 1812 555; baseline -0.001 -8"><span class='ocrx_word' id='word_1_309' title='bbox 1104 514 1245 552; x_wconf 81' lang='lat' dir='ltr'><strong>tatione;</strong></span> <span class='ocrx_word' id='word_1_310' title='bbox 1273 513 1339 546; x_wconf 82' lang='lat' dir='ltr'><strong>nisi</strong></span> <span class='ocrx_word' id='word_1_311' title='bbox 1356 511 1512 555; x_wconf 65' lang='lat' dir='ltr'><strong>prefers,</strong></span> <span class='ocrx_word' id='word_1_312' title='bbox 1531 511 1717 555; x_wconf 74' lang='lat' dir='ltr'><strong>assertione)</strong></span> <span class='ocrx_word' id='word_1_313' title='bbox 1731 522 1812 554; x_wconf 89' lang='lat' dir='ltr'><strong>pro·</strong></span> 
     </span>
     <span class='ocr_line' id='line_1_58' title="bbox 1104 563 1812 605; baseline -0.001 -8"><span class='ocrx_word' id='word_1_314' title='bbox 1104 565 1250 604; x_wconf 88' lang='lat' dir='ltr'><strong>vincias,</strong></span> <span class='ocrx_word' id='word_1_315' title='bbox 1264 563 1452 604; x_wconf 82' lang='lat' dir='ltr'><strong>exercitus,</strong></span> <span class='ocrx_word' id='word_1_316' title='bbox 1462 567 1499 594; x_wconf 91' lang='lat' dir='ltr'><strong>et</strong></span> <span class='ocrx_word' id='word_1_317' title='bbox 1509 567 1640 595; x_wconf 85' lang='lat' dir='ltr'><strong>tantum</strong></span> <span class='ocrx_word' id='word_1_318' title='bbox 1653 573 1721 596; x_wconf 88' lang='lat' dir='ltr'><strong>non</strong></span> <span class='ocrx_word' id='word_1_319' title='bbox 1737 573 1812 605; x_wconf 73' lang='lat' dir='ltr'><strong>reg-</strong></span> 
     </span>
     <span class='ocr_line' id='line_1_59' title="bbox 1105 614 1813 656; baseline 0 -9"><span class='ocrx_word' id='word_1_320' title='bbox 1105 625 1149 648; x_wconf 87' lang='lat' dir='ltr'><strong>na</strong></span> <span class='ocrx_word' id='word_1_321' title='bbox 1172 614 1290 649; x_wconf 87' lang='lat' dir='ltr'><strong>dedit:</strong></span> <span class='ocrx_word' id='word_1_322' title='bbox 1316 615 1432 647; x_wconf 85' lang='lat' dir='ltr'><strong>Caesar</strong></span> <span class='ocrx_word' id='word_1_323' title='bbox 1461 614 1535 655; x_wconf 81' lang='lat' dir='ltr'><strong>ipse</strong></span> <span class='ocrx_word' id='word_1_324' title='bbox 1563 619 1601 646; x_wconf 85' lang='lat' dir='ltr'><strong>et</strong></span> <span class='ocrx_word' id='word_1_325' title='bbox 1626 614 1813 656; x_wconf 71' lang='lat' dir='ltr'><strong>Pompeius</strong></span> 
     </span>
     <span class='ocr_line' id='line_1_60' title="bbox 1105 663 1814 707; baseline 0.001 -9"><span class='ocrx_word' id='word_1_326' title='bbox 1105 670 1235 698; x_wconf 89' lang='lat' dir='ltr'><strong>testes:</strong></span> <span class='ocrx_word' id='word_1_327' title='bbox 1266 674 1411 707; x_wconf 88' lang='lat' dir='ltr'><strong>quorum</strong></span> <span class='ocrx_word' id='word_1_328' title='bbox 1427 663 1476 696; x_wconf 89' lang='lat' dir='ltr'><strong>illi</strong></span> <span class='ocrx_word' id='word_1_329' title='bbox 1492 664 1624 697; x_wconf 80' lang='lat' dir='ltr'><strong>Gallias</strong></span> <span class='ocrx_word' id='word_1_330' title='bbox 1650 672 1814 707; x_wconf 77' lang='lat' dir='ltr'><strong>proroga·</strong></span> 
     </span>
     <span class='ocr_line' id='line_1_61' title="bbox 1105 714 1815 761; baseline 0.004 -13"><span class='ocrx_word' id='word_1_331' title='bbox 1105 716 1168 758; x_wconf 89' lang='lat' dir='ltr'><strong>vit,</strong></span> <span class='ocrx_word' id='word_1_332' title='bbox 1189 716 1280 748; x_wconf 83' lang='lat' dir='ltr'><strong>hunc</strong></span> <span class='ocrx_word' id='word_1_333' title='bbox 1296 714 1340 747; x_wconf 90' lang='lat' dir='ltr'><strong>ad</strong></span> <span class='ocrx_word' id='word_1_334' title='bbox 1352 714 1544 748; x_wconf 86' lang='lat' dir='ltr'><strong>Piraticum</strong></span> <span class='ocrx_word' id='word_1_335' title='bbox 1569 715 1697 761; x_wconf 83' lang='lat' dir='ltr'><strong>bellum</strong></span> <span class='ocrx_word' id='word_1_336' title='bbox 1708 716 1815 751; x_wconf 78' lang='lat' dir='ltr'><strong>misit.</strong></span> 
     </span>
     <span class='ocr_line' id='line_1_62' title="bbox 1106 762 1819 811; baseline 0 -11"><span class='ocrx_word' id='word_1_337' title='bbox 1106 768 1264 811; x_wconf 88' lang='lat' dir='ltr'><strong>Denique</strong></span> <span class='ocrx_word' id='word_1_338' title='bbox 1269 767 1343 809; x_wconf 86' lang='lat' dir='ltr'><strong>jam</strong></span> <span class='ocrx_word' id='word_1_339' title='bbox 1361 767 1474 809; x_wconf 81' lang='lat' dir='ltr'><strong>palam</strong></span> <span class='ocrx_word' id='word_1_340' title='bbox 1489 767 1498 784; x_wconf 93' lang='lat'>‘</span> <span class='ocrx_word' id='word_1_341' title='bbox 1513 767 1674 810; x_wconf 76' lang='lat' dir='ltr'><strong>Regnare</strong></span> <span class='ocrx_word' id='word_1_342' title='bbox 1686 762 1819 810; x_wconf 79' lang='lat' dir='ltr'><strong>injudi-</strong></span> 
     </span>
     <span class='ocr_line' id='line_1_63' title="bbox 1106 816 1815 860; baseline 0 -10"><span class='ocrx_word' id='word_1_343' title='bbox 1106 818 1182 859; x_wconf 90' lang='lat' dir='ltr'><strong>ciis,</strong></span> <span class='ocrx_word' id='word_1_344' title='bbox 1194 818 1228 850; x_wconf 92' lang='lat' dir='ltr'><strong>in</strong></span> <span class='ocrx_word' id='word_1_345' title='bbox 1239 817 1464 850; x_wconf 87' lang='lat' dir='ltr'><strong>concionibus</strong></span> <span class='ocrx_word' id='word_1_346' title='bbox 1474 816 1483 831; x_wconf 90' lang='lat'>’</span> <span class='ocrx_word' id='word_1_347' title='bbox 1495 817 1692 850; x_wconf 83' lang='lat' dir='ltr'><strong>dicebatur:</strong></span> <span class='ocrx_word' id='word_1_348' title='bbox 1709 822 1815 860; x_wconf 82' lang='lat' dir='ltr'><strong>atque</strong></span> 
     </span>
     <span class='ocr_line' id='line_1_64' title="bbox 1106 868 1816 910; baseline 0.001 -9"><span class='ocrx_word' id='word_1_349' title='bbox 1106 868 1193 902; x_wconf 86' lang='lat' dir='ltr'><strong>adeo</strong></span> <span class='ocrx_word' id='word_1_350' title='bbox 1221 868 1351 901; x_wconf 90' lang='lat' dir='ltr'><strong>inimici</strong></span> <span class='ocrx_word' id='word_1_351' title='bbox 1387 868 1612 910; x_wconf 87' lang='lat' dir='ltr'><strong>objiciebant,</strong></span> <span class='ocrx_word' id='word_1_352' title='bbox 1634 869 1644 886; x_wconf 89' lang='lat'>‘</span> <span class='ocrx_word' id='word_1_353' title='bbox 1660 868 1816 902; x_wconf 84' lang='lat' dir='ltr'><strong>Tertium</strong></span> 
     </span>
     <span class='ocr_line' id='line_1_65' title="bbox 1106 919 1815 962; baseline 0 -11"><span class='ocrx_word' id='word_1_354' title='bbox 1106 919 1324 962; x_wconf 83' lang='lat' dir='ltr'><strong>peregrinum</strong></span> <span class='ocrx_word' id='word_1_355' title='bbox 1346 920 1463 952; x_wconf 85' lang='lat' dir='ltr'><strong>Romae</strong></span> <span class='ocrx_word' id='word_1_356' title='bbox 1489 929 1564 952; x_wconf 86' lang='lat' dir='ltr'><strong>esse</strong></span> <span class='ocrx_word' id='word_1_357' title='bbox 1587 919 1727 960; x_wconf 77' lang='lat' dir='ltr'><strong>regem.&#39;</strong></span> <span class='ocrx_word' id='word_1_358' title='bbox 1773 919 1815 952; x_wconf 87' lang='lat' dir='ltr'><strong>Iu</strong></span> 
     </span>
     <span class='ocr_line' id='line_1_66' title="bbox 1106 969 1817 1014; baseline -0.004 -8"><span class='ocrx_word' id='word_1_359' title='bbox 1106 974 1158 1006; x_wconf 92' lang='grc' dir='ltr'><strong>Μ.</strong></span> <span class='ocrx_word' id='word_1_360' title='bbox 1174 972 1361 1006; x_wconf 89' lang='lat' dir='ltr'><strong>Antonium</strong></span> <span class='ocrx_word' id='word_1_361' title='bbox 1378 971 1481 1004; x_wconf 83' lang='lat' dir='ltr'><strong>etiarn</strong></span> <span class='ocrx_word' id='word_1_362' title='bbox 1497 981 1575 1014; x_wconf 85' lang='lat' dir='ltr'><strong>quae</strong></span> <span class='ocrx_word' id='word_1_363' title='bbox 1589 969 1726 1014; x_wconf 83' lang='lat' dir='ltr'><strong>fecerit,</strong></span> <span class='ocrx_word' id='word_1_364' title='bbox 1740 971 1817 1004; x_wconf 87' lang='lat' dir='ltr'><strong>dix-</strong></span> 
     </span>
     <span class='ocr_line' id='line_1_67' title="bbox 1107 1021 1817 1065; baseline 0.001 -10"><span class='ocrx_word' id='word_1_365' title='bbox 1107 1023 1187 1065; x_wconf 85' lang='lat' dir='ltr'><strong>erit,</strong></span> <span class='ocrx_word' id='word_1_366' title='bbox 1200 1027 1235 1055; x_wconf 81' lang='lat' dir='ltr'><strong>et</strong></span> <span class='ocrx_word' id='word_1_367' title='bbox 1246 1021 1418 1065; x_wconf 91' lang='lat' dir='ltr'><strong>quomodo</strong></span> <span class='ocrx_word' id='word_1_368' title='bbox 1428 1021 1581 1055; x_wconf 84' lang='lat' dir='ltr'><strong>habenas</strong></span> <span class='ocrx_word' id='word_1_369' title='bbox 1595 1021 1680 1064; x_wconf 84' lang='lat' dir='ltr'><strong>reip.</strong></span> <span class='ocrx_word' id='word_1_370' title='bbox 1695 1026 1817 1056; x_wconf 84' lang='lat' dir='ltr'><strong>tenue-</strong></span> 
     </span>
     <span class='ocr_line' id='line_1_68' title="bbox 1107 1074 1478 1116; baseline 0.003 -9"><span class='ocrx_word' id='word_1_371' title='bbox 1107 1075 1165 1116; x_wconf 89' lang='lat' dir='ltr'><strong>rit,</strong></span> <span class='ocrx_word' id='word_1_372' title='bbox 1179 1075 1315 1107; x_wconf 86' lang='lat' dir='ltr'><strong>scimus.</strong></span> <span class='ocrx_word' id='word_1_373' title='bbox 1337 1074 1478 1116; x_wconf 77' lang='lat' dir='ltr'><strong>Lipsius.</strong></span> 
     </span>
    </p>

    <p class='ocr_par' dir='ltr' id='par_1_9' title="bbox 1107 1125 1839 2033">
     <span class='ocr_line' id='line_1_69' title="bbox 1150 1125 1816 1167; baseline 0.002 -9"><span class='ocrx_word' id='word_1_374' title='bbox 1150 1126 1387 1167; x_wconf 70' lang='lat' dir='ltr'><strong>Assentatione]</strong></span> <span class='ocrx_word' id='word_1_375' title='bbox 1413 1125 1612 1158; x_wconf 84' lang='lat' dir='ltr'><strong>Assentatio</strong></span> <span class='ocrx_word' id='word_1_376' title='bbox 1630 1135 1698 1158; x_wconf 91' lang='lat' dir='ltr'><strong>non</strong></span> <span class='ocrx_word' id='word_1_377' title='bbox 1713 1125 1769 1158; x_wconf 81' lang='lat' dir='ltr'><strong>hic</strong></span> <span class='ocrx_word' id='word_1_378' title='bbox 1781 1126 1816 1159; x_wconf 88' lang='lat' dir='ltr'><strong>in</strong></span> 
     </span>
     <span class='ocr_line' id='line_1_70' title="bbox 1107 1176 1818 1219; baseline -0.001 -9"><span class='ocrx_word' id='word_1_379' title='bbox 1107 1178 1233 1210; x_wconf 89' lang='lat' dir='ltr'><strong>malam</strong></span> <span class='ocrx_word' id='word_1_380' title='bbox 1251 1181 1397 1219; x_wconf 89' lang='lat' dir='ltr'><strong>partem,</strong></span> <span class='ocrx_word' id='word_1_381' title='bbox 1422 1176 1483 1209; x_wconf 88' lang='lat' dir='ltr'><strong>sed</strong></span> <span class='ocrx_word' id='word_1_382' title='bbox 1499 1187 1563 1219; x_wconf 88' lang='lat' dir='ltr'><strong>pro</strong></span> <span class='ocrx_word' id='word_1_383' title='bbox 1578 1178 1763 1218; x_wconf 63' lang='lat' dir='ltr'><strong>macione,</strong></span> <span class='ocrx_word' id='word_1_384' title='bbox 1778 1182 1818 1210; x_wconf 89' lang='lat' dir='ltr'><strong>ut</strong></span> 
     </span>
     <span class='ocr_line' id='line_1_71' title="bbox 1108 1228 1817 1270; baseline 0 -10"><span class='ocrx_word' id='word_1_385' title='bbox 1108 1238 1213 1270; x_wconf 87' lang='lat' dir='ltr'><strong>supra</strong></span> <span class='ocrx_word' id='word_1_386' title='bbox 1241 1228 1397 1260; x_wconf 78' lang='lat' dir='ltr'><strong>assentari</strong></span> <span class='ocrx_word' id='word_1_387' title='bbox 1425 1237 1520 1269; x_wconf 90' lang='lat' dir='ltr'><strong>usus,</strong></span> <span class='ocrx_word' id='word_1_388' title='bbox 1557 1238 1620 1270; x_wconf 88' lang='lat' dir='ltr'><strong>pro</strong></span> <span class='ocrx_word' id='word_1_389' title='bbox 1658 1229 1817 1261; x_wconf 69' lang='lat' dir='ltr'><strong>assentiri.</strong></span> 
     </span>
     <span class='ocr_line' id='line_1_72' title="bbox 1108 1277 1821 1321; baseline 0 -10"><span class='ocrx_word' id='word_1_390' title='bbox 1108 1279 1118 1297; x_wconf 89' lang='lat'>‘</span> <span class='ocrx_word' id='word_1_391' title='bbox 1134 1280 1181 1311; x_wconf 91' lang='lat' dir='ltr'><strong>Et</strong></span> <span class='ocrx_word' id='word_1_392' title='bbox 1197 1279 1238 1310; x_wconf 88' lang='lat' dir='ltr'><strong>iis</strong></span> <span class='ocrx_word' id='word_1_393' title='bbox 1253 1278 1312 1321; x_wconf 88' lang='lat' dir='ltr'><strong>qui</strong></span> <span class='ocrx_word' id='word_1_394' title='bbox 1328 1288 1349 1310; x_wconf 91' lang='lat' dir='ltr'><strong>a</strong></span> <span class='ocrx_word' id='word_1_395' title='bbox 1364 1277 1502 1310; x_wconf 87' lang='lat' dir='ltr'><strong>Caesare</strong></span> <span class='ocrx_word' id='word_1_396' title='bbox 1524 1278 1748 1311; x_wconf 83' lang='lat' dir='ltr'><strong>dimittendos</strong></span> <span class='ocrx_word' id='word_1_397' title='bbox 1763 1288 1821 1311; x_wconf 84' lang='lat' dir='ltr'><strong>ex-</strong></span> 
     </span>
     <span class='ocr_line' id='line_1_73' title="bbox 1110 1331 1818 1373; baseline -0.001 -8"><span class='ocrx_word' id='word_1_398' title='bbox 1110 1332 1240 1366; x_wconf 82' lang='lat' dir='ltr'><strong>ercitus</strong></span> <span class='ocrx_word' id='word_1_399' title='bbox 1257 1331 1528 1373; x_wconf 81' lang='lat' dir='ltr'><strong>contendebant,</strong></span> <span class='ocrx_word' id='word_1_400' title='bbox 1555 1331 1818 1364; x_wconf 84' lang='lat' dir='ltr'><strong>assentabatur:</strong></span> 
     </span>
     <span class='ocr_line' id='line_1_74' title="bbox 1109 1382 1827 1427; baseline 0 -11"><span class='ocrx_word' id='word_1_401' title='bbox 1109 1384 1150 1416; x_wconf 87' lang='lat' dir='ltr'><strong>iis</strong></span> <span class='ocrx_word' id='word_1_402' title='bbox 1173 1384 1230 1427; x_wconf 90' lang='lat' dir='ltr'><strong>qui</strong></span> <span class='ocrx_word' id='word_1_403' title='bbox 1247 1383 1291 1416; x_wconf 91' lang='lat' dir='ltr'><strong>ab</strong></span> <span class='ocrx_word' id='word_1_404' title='bbox 1317 1383 1405 1425; x_wconf 88' lang='lat' dir='ltr'><strong>ipso,</strong></span> <span class='ocrx_word' id='word_1_405' title='bbox 1425 1382 1697 1416; x_wconf 60' lang='lat' dir='ltr'><strong>adversabatur?</strong></span> <span class='ocrx_word' id='word_1_406' title='bbox 1718 1400 1724 1411; x_wconf 89' lang='lat'><strong>·</strong></span> <span class='ocrx_word' id='word_1_407' title='bbox 1741 1383 1827 1416; x_wconf 66' lang='lat' dir='ltr'><strong>Nec</strong></span> 
     </span>
     <span class='ocr_line' id='line_1_75' title="bbox 1110 1433 1820 1478; baseline -0.003 -10"><span class='ocrx_word' id='word_1_408' title='bbox 1110 1436 1219 1478; x_wconf 81' lang='lat' dir='ltr'><strong>igitur</strong></span> <span class='ocrx_word' id='word_1_409' title='bbox 1234 1434 1435 1468; x_wconf 84' lang='lat' dir='ltr'><strong>mutandum</strong></span> <span class='ocrx_word' id='word_1_410' title='bbox 1459 1434 1493 1466; x_wconf 92' lang='lat' dir='ltr'><strong>in</strong></span> <span class='ocrx_word' id='word_1_411' title='bbox 1510 1434 1700 1467; x_wconf 86' lang='lat' dir='ltr'><strong>Petronio:</strong></span> <span class='ocrx_word' id='word_1_412' title='bbox 1722 1435 1734 1453; x_wconf 81' lang='lat'><strong>⁴</strong></span> <span class='ocrx_word' id='word_1_413' title='bbox 1750 1433 1820 1466; x_wconf 50' lang='lat' dir='ltr'><strong>Ta*</strong></span> 
     </span>
     <span class='ocr_line' id='line_1_76' title="bbox 1112 1486 1821 1527; baseline -0.006 -5"><span class='ocrx_word' id='word_1_414' title='bbox 1112 1489 1271 1522; x_wconf 87' lang='lat' dir='ltr'><strong>centibus</strong></span> <span class='ocrx_word' id='word_1_415' title='bbox 1289 1487 1398 1520; x_wconf 86' lang='lat' dir='ltr'><strong>adhuc</strong></span> <span class='ocrx_word' id='word_1_416' title='bbox 1414 1487 1526 1527; x_wconf 92' lang='lat' dir='ltr'><strong>nobis,</strong></span> <span class='ocrx_word' id='word_1_417' title='bbox 1550 1491 1590 1519; x_wconf 88' lang='lat' dir='ltr'><strong>et</strong></span> <span class='ocrx_word' id='word_1_418' title='bbox 1604 1486 1648 1520; x_wconf 82' lang='lat' dir='ltr'><strong>ad</strong></span> <span class='ocrx_word' id='word_1_419' title='bbox 1664 1491 1821 1519; x_wconf 71' lang='lat' dir='ltr'><strong>neutram</strong></span> 
     </span>
     <span class='ocr_line' id='line_1_77' title="bbox 1112 1537 1822 1583; baseline -0.006 -10"><span class='ocrx_word' id='word_1_420' title='bbox 1112 1546 1247 1583; x_wconf 87' lang='lat' dir='ltr'><strong>partem</strong></span> <span class='ocrx_word' id='word_1_421' title='bbox 1275 1539 1544 1572; x_wconf 86' lang='lat' dir='ltr'><strong>assentationem</strong></span> <span class='ocrx_word' id='word_1_422' title='bbox 1579 1537 1822 1579; x_wconf 68' lang='lat' dir='ltr'><strong>flectentibus:</strong></span> 
     </span>
     <span class='ocr_line' id='line_1_78' title="bbox 1112 1588 1825 1629; baseline -0.004 -6"><span class='ocrx_word' id='word_1_423' title='bbox 1112 1590 1171 1623; x_wconf 88' lang='lat' dir='ltr'><strong>ubi</strong></span> <span class='ocrx_word' id='word_1_424' title='bbox 1208 1589 1413 1622; x_wconf 89' lang='lat' dir='ltr'><strong>Gulielmius</strong></span> <span class='ocrx_word' id='word_1_425' title='bbox 1450 1592 1579 1629; x_wconf 84' lang='lat' dir='ltr'><strong>noster,</strong></span> <span class='ocrx_word' id='word_1_426' title='bbox 1617 1588 1825 1620; x_wconf 65' lang='lat' dir='ltr'><strong>assensionem</strong></span> 
     </span>
     <span class='ocr_line' id='line_1_79' title="bbox 1113 1637 1823 1684; baseline -0.006 -10"><span class='ocrx_word' id='word_1_427' title='bbox 1113 1641 1315 1684; x_wconf 85' lang='lat' dir='ltr'><strong>reponebat.</strong></span> <span class='ocrx_word' id='word_1_428' title='bbox 1353 1640 1412 1672; x_wconf 70' lang='lat' dir='ltr'><strong>Et</strong></span> <span class='ocrx_word' id='word_1_429' title='bbox 1436 1639 1482 1671; x_wconf 87' lang='lat' dir='ltr'><strong>ad</strong></span> <span class='ocrx_word' id='word_1_430' title='bbox 1510 1639 1598 1674; x_wconf 86' lang='lat' dir='ltr'><strong>hanc</strong></span> <span class='ocrx_word' id='word_1_431' title='bbox 1623 1638 1748 1672; x_wconf 72' lang='lat' dir='ltr'><strong>faciem</strong></span> <span class='ocrx_word' id='word_1_432' title='bbox 1768 1637 1823 1670; x_wconf 81' lang='lat' dir='ltr'><strong>-A-</strong></span> 
     </span>
     <span class='ocr_line' id='line_1_80' title="bbox 1114 1692 1823 1736; baseline -0.006 -10"><span class='ocrx_word' id='word_1_433' title='bbox 1114 1693 1247 1736; x_wconf 88' lang='lat' dir='ltr'><strong>puleius</strong></span> <span class='ocrx_word' id='word_1_434' title='bbox 1274 1692 1549 1733; x_wconf 78' lang='lat' dir='ltr'><strong>conversationem,</strong></span> <span class='ocrx_word' id='word_1_435' title='bbox 1583 1695 1729 1724; x_wconf 78' lang='lat' dir='ltr'><strong>venuste</strong></span> <span class='ocrx_word' id='word_1_436' title='bbox 1759 1699 1823 1732; x_wconf 85' lang='lat' dir='ltr'><strong>pro</strong></span> 
     </span>
     <span class='ocr_line' id='line_1_81' title="bbox 1112 1741 1824 1784; baseline -0.007 -6"><span class='ocrx_word' id='word_1_437' title='bbox 1112 1745 1321 1778; x_wconf 71' lang='lat' dir='ltr'><strong>conversione.</strong></span> <span class='ocrx_word' id='word_1_438' title='bbox 1389 1743 1430 1775; x_wconf 91' lang='lat' dir='ltr'><strong>In</strong></span> <span class='ocrx_word' id='word_1_439' title='bbox 1477 1743 1521 1775; x_wconf 92' lang='lat' dir='ltr'><strong>de</strong></span> <span class='ocrx_word' id='word_1_440' title='bbox 1565 1742 1679 1784; x_wconf 79' lang='lat' dir='ltr'><strong>dogm.</strong></span> <span class='ocrx_word' id='word_1_441' title='bbox 1730 1741 1824 1775; x_wconf 85' lang='lat' dir='ltr'><strong>Plat.</strong></span> 
     </span>
     <span class='ocr_line' id='line_1_82' title="bbox 1113 1792 1822 1839; baseline -0.008 -9"><span class='ocrx_word' id='word_1_442' title='bbox 1113 1799 1123 1816; x_wconf 85' lang='lat'>‘</span> <span class='ocrx_word' id='word_1_443' title='bbox 1141 1795 1305 1839; x_wconf 88' lang='lat' dir='ltr'><strong>Ejusdem</strong></span> <span class='ocrx_word' id='word_1_444' title='bbox 1322 1793 1486 1835; x_wconf 86' lang='lat' dir='ltr'><strong>temporis</strong></span> <span class='ocrx_word' id='word_1_445' title='bbox 1511 1792 1632 1835; x_wconf 86' lang='lat' dir='ltr'><strong>spatiis</strong></span> <span class='ocrx_word' id='word_1_446' title='bbox 1645 1801 1822 1825; x_wconf 81' lang='lat' dir='ltr'><strong>mensuras</strong></span> 
     </span>
     <span class='ocr_line' id='line_1_83' title="bbox 1113 1843 1825 1885; baseline -0.004 -6"><span class='ocrx_word' id='word_1_447' title='bbox 1113 1847 1296 1880; x_wconf 83' lang='lat' dir='ltr'><strong>mundanae</strong></span> <span class='ocrx_word' id='word_1_448' title='bbox 1347 1844 1619 1878; x_wconf 83' lang='lat' dir='ltr'><strong>conversationis</strong></span> <span class='ocrx_word' id='word_1_449' title='bbox 1655 1843 1825 1885; x_wconf 61' lang='lat' dir='ltr'><strong>intelligi?</strong></span> 
     </span>
     <span class='ocr_line' id='line_1_84' title="bbox 1114 1893 1824 1939; baseline -0.008 -8"><span class='ocrx_word' id='word_1_450' title='bbox 1114 1900 1282 1939; x_wconf 83' lang='lat' dir='ltr'><strong>Venuste,</strong></span> <span class='ocrx_word' id='word_1_451' title='bbox 1296 1897 1457 1939; x_wconf 81' lang='lat' dir='ltr'><strong>inquam3</strong></span> <span class='ocrx_word' id='word_1_452' title='bbox 1482 1898 1628 1937; x_wconf 86' lang='lat' dir='ltr'><strong>propter</strong></span> <span class='ocrx_word' id='word_1_453' title='bbox 1651 1893 1824 1935; x_wconf 85' lang='lat' dir='ltr'><strong>magnitu-</strong></span> 
     </span>
     <span class='ocr_line' id='line_1_85' title="bbox 1116 1943 1825 1988; baseline -0.008 -6"><span class='ocrx_word' id='word_1_454' title='bbox 1116 1949 1230 1982; x_wconf 89' lang='lat' dir='ltr'><strong>dinem</strong></span> <span class='ocrx_word' id='word_1_455' title='bbox 1247 1953 1283 1980; x_wconf 90' lang='lat' dir='ltr'><strong>et</strong></span> <span class='ocrx_word' id='word_1_456' title='bbox 1297 1947 1434 1988; x_wconf 88' lang='lat' dir='ltr'><strong>molem,</strong></span> <span class='ocrx_word' id='word_1_457' title='bbox 1459 1956 1500 1979; x_wconf 87' lang='lat' dir='ltr'><strong>ac</strong></span> <span class='ocrx_word' id='word_1_458' title='bbox 1524 1945 1618 1979; x_wconf 89' lang='lat' dir='ltr'><strong>velut</strong></span> <span class='ocrx_word' id='word_1_459' title='bbox 1642 1943 1825 1981; x_wconf 61' lang='lat' dir='ltr'><strong>difficultao&#39;</strong></span> 
     </span>
     <span class='ocr_line' id='line_1_86' title="bbox 1117 1999 1839 2033; baseline -0.011 0"><span class='ocrx_word' id='word_1_460' title='bbox 1117 2006 1200 2033; x_wconf 89' lang='lat' dir='ltr'><strong>tem.</strong></span> <span class='ocrx_word' id='word_1_461' title='bbox 1223 1999 1349 2033; x_wconf 78' lang='lat' dir='ltr'><strong>Acidal.</strong></span> <span class='ocrx_word' id='word_1_462' title='bbox 1835 2001 1839 2003; x_wconf 89' lang='lat'>·</span> 
     </span>
    </p>

    <p class='ocr_par' dir='ltr' id='par_1_10' title="bbox 1108 2048 1830 2389">
     <span class='ocr_line' id='line_1_87' title="bbox 1160 2048 1824 2090; baseline -0.005 -7"><span class='ocrx_word' id='word_1_463' title='bbox 1160 2051 1249 2083; x_wconf 76' lang='lat' dir='ltr'><strong>CAP.</strong></span> <span class='ocrx_word' id='word_1_464' title='bbox 1261 2052 1336 2084; x_wconf 79' lang='grc'><strong>129.</strong></span> <span class='ocrx_word' id='word_1_465' title='bbox 1349 2049 1482 2090; x_wconf 81' lang='lat' dir='ltr'><strong>Forma]</strong></span> <span class='ocrx_word' id='word_1_466' title='bbox 1493 2049 1573 2082; x_wconf 90' lang='lat' dir='ltr'><strong>Hoc</strong></span> <span class='ocrx_word' id='word_1_467' title='bbox 1584 2048 1747 2090; x_wconf 84' lang='lat' dir='ltr'><strong>vulgohic</strong></span> <span class='ocrx_word' id='word_1_468' title='bbox 1756 2056 1824 2081; x_wconf 81' lang='lat' dir='ltr'><strong>non</strong></span> 
     </span>
     <span class='ocr_line' id='line_1_88' title="bbox 1116 2099 1825 2144; baseline 0 -10"><span class='ocrx_word' id='word_1_469' title='bbox 1116 2103 1256 2144; x_wconf 82' lang='lat' dir='ltr'><strong>legitur.</strong></span> <span class='ocrx_word' id='word_1_470' title='bbox 1297 2101 1430 2142; x_wconf 82' lang='lat' dir='ltr'><strong>Forma]</strong></span> <span class='ocrx_word' id='word_1_471' title='bbox 1454 2101 1541 2133; x_wconf 84' lang='lat' dir='ltr'><strong>Post</strong></span> <span class='ocrx_word' id='word_1_472' title='bbox 1560 2099 1825 2139; x_wconf 37' lang='lat' dir='ltr'><strong>Coesariffivdeest</strong></span> 
     </span>
     <span class='ocr_line' id='line_1_89' title="bbox 1108 2150 1830 2194; baseline -0.003 -9"><span class='ocrx_word' id='word_1_473' title='bbox 1108 2154 1229 2194; x_wconf 87' lang='lat' dir='ltr'><strong>forma,</strong></span> <span class='ocrx_word' id='word_1_474' title='bbox 1237 2153 1421 2192; x_wconf 84' lang='lat' dir='ltr'><strong>velsimile;</strong></span> <span class='ocrx_word' id='word_1_475' title='bbox 1436 2162 1511 2194; x_wconf 81' lang='lat' dir='ltr'><strong>quae</strong></span> <span class='ocrx_word' id='word_1_476' title='bbox 1523 2151 1632 2184; x_wconf 89' lang='lat' dir='ltr'><strong>dictio</strong></span> <span class='ocrx_word' id='word_1_477' title='bbox 1643 2150 1830 2184; x_wconf 80' lang='lat' dir='ltr'><strong>oscitantia</strong></span> 
     </span>
     <span class='ocr_line' id='line_1_90' title="bbox 1115 2202 1828 2237; baseline -0.006 0"><span class='ocrx_word' id='word_1_478' title='bbox 1115 2204 1248 2237; x_wconf 86' lang='lat' dir='ltr'><strong>librarii</strong></span> <span class='ocrx_word' id='word_1_479' title='bbox 1270 2203 1304 2235; x_wconf 91' lang='lat' dir='ltr'><strong>in</strong></span> <span class='ocrx_word' id='word_1_480' title='bbox 1331 2203 1471 2235; x_wconf 87' lang='lat' dir='ltr'><strong>tertium</strong></span> <span class='ocrx_word' id='word_1_481' title='bbox 1499 2212 1636 2235; x_wconf 86' lang='lat' dir='ltr'><strong>versum</strong></span> <span class='ocrx_word' id='word_1_482' title='bbox 1660 2202 1828 2234; x_wconf 83' lang='lat' dir='ltr'><strong>translata</strong></span> 
     </span>
     <span class='ocr_line' id='line_1_91' title="bbox 1117 2254 1824 2297; baseline -0.004 -9"><span class='ocrx_word' id='word_1_483' title='bbox 1117 2260 1183 2297; x_wconf 88' lang='lat' dir='ltr'><strong>est,</strong></span> <span class='ocrx_word' id='word_1_484' title='bbox 1207 2260 1244 2287; x_wconf 89' lang='lat' dir='ltr'><strong>ut</strong></span> <span class='ocrx_word' id='word_1_485' title='bbox 1260 2255 1411 2295; x_wconf 86' lang='lat' dir='ltr'><strong>videtur,</strong></span> <span class='ocrx_word' id='word_1_486' title='bbox 1437 2254 1496 2286; x_wconf 88' lang='lat' dir='ltr'><strong>ubi</strong></span> <span class='ocrx_word' id='word_1_487' title='bbox 1519 2254 1622 2296; x_wconf 85' lang='lat' dir='ltr'><strong>plane</strong></span> <span class='ocrx_word' id='word_1_488' title='bbox 1643 2258 1824 2296; x_wconf 89' lang='lat' dir='ltr'><strong>superest:</strong></span> 
     </span>
     <span class='ocr_line' id='line_1_92' title="bbox 1116 2303 1830 2346; baseline -0.003 -8"><span class='ocrx_word' id='word_1_489' title='bbox 1116 2305 1326 2346; x_wconf 54' lang='lat' dir='ltr'><strong>consertisque</strong></span> <span class='ocrx_word' id='word_1_490' title='bbox 1362 2304 1497 2345; x_wconf 62' lang='lat' dir='ltr'><strong>ejusdem</strong></span> <span class='ocrx_word' id='word_1_491' title='bbox 1532 2305 1659 2346; x_wconf 79' lang='lat' dir='ltr'><strong>imperii</strong></span> <span class='ocrx_word' id='word_1_492' title='bbox 1687 2303 1830 2345; x_wconf 64' lang='lat' dir='ltr'><strong>forman</strong></span> 
     </span>
     <span class='ocr_line' id='line_1_93' title="bbox 1117 2356 1487 2389; baseline 0 0"><span class='ocrx_word' id='word_1_493' title='bbox 1117 2356 1267 2389; x_wconf 80' lang='lat' dir='ltr'><strong>evocavit.</strong></span> <span class='ocrx_word' id='word_1_494' title='bbox 1290 2357 1487 2389; x_wconf 84' lang='lat' dir='ltr'><strong>Rhenanus.</strong></span> 
     </span>
    </p>

    <p class='ocr_par' dir='ltr' id='par_1_11' title="bbox 1117 2406 1833 2854">
     <span class='ocr_line' id='line_1_94' title="bbox 1162 2406 1829 2449; baseline 0 -10"><span class='ocrx_word' id='word_1_495' title='bbox 1162 2407 1402 2448; x_wconf 81' lang='lat' dir='ltr'><strong>Rhascupolim]</strong></span> <span class='ocrx_word' id='word_1_496' title='bbox 1427 2408 1532 2439; x_wconf 89' lang='lat' dir='ltr'><strong>Hunc</strong></span> <span class='ocrx_word' id='word_1_497' title='bbox 1560 2407 1657 2440; x_wconf 88' lang='lat' dir='ltr'><strong>Suet.</strong></span> <span class='ocrx_word' id='word_1_498' title='bbox 1680 2406 1829 2449; x_wconf 82' lang='lat' dir='ltr'><strong>Thrasy-</strong></span> 
     </span>
     <span class='ocr_line' id='line_1_95' title="bbox 1118 2458 1830 2500; baseline 0.003 -12"><span class='ocrx_word' id='word_1_499' title='bbox 1118 2458 1234 2500; x_wconf 84' lang='lat' dir='ltr'><strong>polnm</strong></span> <span class='ocrx_word' id='word_1_500' title='bbox 1273 2462 1397 2496; x_wconf 88' lang='lat' dir='ltr'><strong>vocat;</strong></span> <span class='ocrx_word' id='word_1_501' title='bbox 1440 2458 1553 2490; x_wconf 85' lang='lat' dir='ltr'><strong>Tacit.</strong></span> <span class='ocrx_word' id='word_1_502' title='bbox 1591 2458 1830 2500; x_wconf 75' lang='lat' dir='ltr'><strong>Rescnporim.</strong></span> 
     </span>
     <span class='ocr_line' id='line_1_96' title="bbox 1121 2508 1830 2550; baseline 0.004 -10"><span class='ocrx_word' id='word_1_503' title='bbox 1121 2509 1268 2541; x_wconf 83' lang='lat' dir='ltr'><strong>Rhcnan.</strong></span> <span class='ocrx_word' id='word_1_504' title='bbox 1330 2508 1567 2550; x_wconf 77' lang='lat' dir='ltr'><strong>Rhascupolim]</strong></span> <span class='ocrx_word' id='word_1_505' title='bbox 1604 2508 1830 2550; x_wconf 82' lang='lat' dir='ltr'><strong>Rescuporim</strong></span> 
     </span>
     <span class='ocr_line' id='line_1_97' title="bbox 1117 2558 1830 2600; baseline 0.001 -9"><span class='ocrx_word' id='word_1_506' title='bbox 1117 2560 1270 2593; x_wconf 81' lang='lat' dir='ltr'><strong>Tacitus,</strong></span> <span class='ocrx_word' id='word_1_507' title='bbox 1314 2558 1518 2600; x_wconf 77' lang='grc' dir='ltr'>Ῥωσκύποριν</span> <span class='ocrx_word' id='word_1_508' title='bbox 1555 2559 1625 2592; x_wconf 73' lang='lat' dir='ltr'><strong>Dio</strong></span> <span class='ocrx_word' id='word_1_509' title='bbox 1666 2559 1725 2592; x_wconf 85' lang='lat' dir='ltr'><strong>lib.</strong></span> <span class='ocrx_word' id='word_1_510' title='bbox 1754 2567 1830 2592; x_wconf 79' lang='lat' dir='ltr'><strong>mv.</strong></span> 
     </span>
     <span class='ocr_line' id='line_1_98' title="bbox 1119 2609 1831 2652; baseline 0 -10"><span class='ocrx_word' id='word_1_511' title='bbox 1119 2610 1260 2651; x_wconf 82' lang='lat' dir='ltr'><strong>Schegk.</strong></span> <span class='ocrx_word' id='word_1_512' title='bbox 1306 2610 1544 2652; x_wconf 81' lang='lat' dir='ltr'><strong>Rhascupolim]</strong></span> <span class='ocrx_word' id='word_1_513' title='bbox 1578 2609 1681 2651; x_wconf 86' lang='lat' dir='ltr'><strong>Apud</strong></span> <span class='ocrx_word' id='word_1_514' title='bbox 1709 2609 1831 2642; x_wconf 79' lang='lat' dir='ltr'><strong>Sueto-</strong></span> 
     </span>
     <span class='ocr_line' id='line_1_99' title="bbox 1120 2660 1832 2702; baseline 0 -11"><span class='ocrx_word' id='word_1_515' title='bbox 1120 2660 1227 2702; x_wconf 88' lang='lat' dir='ltr'><strong>nium,</strong></span> <span class='ocrx_word' id='word_1_516' title='bbox 1266 2660 1521 2702; x_wconf 87' lang='lat' dir='ltr'><strong>Thrascypolis.</strong></span> <span class='ocrx_word' id='word_1_517' title='bbox 1586 2660 1656 2693; x_wconf 91' lang='lat' dir='ltr'><strong>Sed</strong></span> <span class='ocrx_word' id='word_1_518' title='bbox 1701 2661 1832 2701; x_wconf 83' lang='lat' dir='ltr'><strong>malim,</strong></span> 
     </span>
     <span class='ocr_line' id='line_1_100' title="bbox 1124 2710 1831 2753; baseline 0.001 -11"><span class='ocrx_word' id='word_1_519' title='bbox 1124 2711 1364 2753; x_wconf 75' lang='lat' dir='ltr'><strong>Rliascupolis.</strong></span> <span class='ocrx_word' id='word_1_520' title='bbox 1409 2711 1485 2743; x_wconf 87' lang='lat' dir='ltr'><strong>Nisi</strong></span> <span class='ocrx_word' id='word_1_521' title='bbox 1515 2710 1694 2753; x_wconf 83' lang='lat' dir='ltr'><strong>praeferas,</strong></span> <span class='ocrx_word' id='word_1_522' title='bbox 1723 2712 1831 2743; x_wconf 81' lang='lat' dir='ltr'><strong>Rhas-</strong></span> 
     </span>
     <span class='ocr_line' id='line_1_101' title="bbox 1121 2761 1833 2803; baseline -0.001 -11"><span class='ocrx_word' id='word_1_523' title='bbox 1121 2761 1280 2803; x_wconf 84' lang='lat' dir='ltr'><strong>euporis;</strong></span> <span class='ocrx_word' id='word_1_524' title='bbox 1302 2761 1392 2803; x_wconf 86' lang='lat' dir='ltr'><strong>quod</strong></span> <span class='ocrx_word' id='word_1_525' title='bbox 1409 2761 1441 2792; x_wconf 91' lang='lat' dir='ltr'><strong>in</strong></span> <span class='ocrx_word' id='word_1_526' title='bbox 1458 2761 1524 2793; x_wconf 68' lang='lat' dir='ltr'><strong>Mn.</strong></span> <span class='ocrx_word' id='word_1_527' title='bbox 1541 2761 1673 2793; x_wconf 89' lang='lat' dir='ltr'><strong>invenit</strong></span> <span class='ocrx_word' id='word_1_528' title='bbox 1686 2762 1833 2794; x_wconf 77' lang='lat' dir='ltr'><strong>Torren-</strong></span> 
     </span>
     <span class='ocr_line' id='line_1_102' title="bbox 1123 2811 1830 2854; baseline 0.006 -11"><span class='ocrx_word' id='word_1_529' title='bbox 1123 2812 1203 2845; x_wconf 87' lang='lat' dir='ltr'><strong>tius.</strong></span> <span class='ocrx_word' id='word_1_530' title='bbox 1248 2811 1337 2843; x_wconf 83' lang='lat' dir='ltr'><strong>Sane</strong></span> <span class='ocrx_word' id='word_1_531' title='bbox 1362 2811 1461 2844; x_wconf 89' lang='lat' dir='ltr'><strong>Dioni</strong></span> <span class='ocrx_word' id='word_1_532' title='bbox 1487 2811 1590 2845; x_wconf 78' lang='lat' dir='ltr'><strong>etiam</strong></span> <span class='ocrx_word' id='word_1_533' title='bbox 1614 2817 1679 2854; x_wconf 90' lang='lat' dir='ltr'><strong>cst,</strong></span> <span class='ocrx_word' id='word_1_534' title='bbox 1700 2811 1830 2848; x_wconf 56' lang='lat' dir='ltr'><strong>‘raaso-</strong></span> 
     </span>
    </p>
   </div>
   <div class='ocr_carea' id='block_1_5' title="bbox 1949 0 2008 1652">
    <p class='ocr_par' dir='ltr' id='par_1_12' title="bbox 1949 0 2008 1652">
     <span class='ocr_line' id='line_1_103' title="bbox 1949 0 2008 1652; baseline 0 0"><span class='ocrx_word' id='word_1_535' title='bbox 1949 0 2008 1652; x_wconf 95' lang='lat' dir='ltr'><strong> </strong></span> 
     </span>
    </p>
   </div>
  </div>
 </body>
</html>
