2002 3250
323 241 382 284 34
867 249 1260 282 PROLEGOMENA.

324 352 458 401 trum,
478 346 698 391 Rutilium
717 346 905 398 Rufum,
928 346 1166 389 Claudium
1187 345 1548 402 Quadrigarium,
1573 344 1808 391 Valerium

325 417 571 468 Antiatem,
605 431 697 473 prae
720 418 876 458 ceteris
898 416 1157 458 Sallustium
1178 420 1221 457 et
1250 416 1453 468 Livium3
1470 415 1605 457 -illum
1625 415 1809 470 quidem

325 500 414 529 non
435 486 583 528 solum
606 485 662 526 de
680 485 940 527 Catilinaria
967 483 1280 539 conjuratione
1307 487 1351 526 et
1371 483 1426 525 de
1445 484 1559 525 bello
1579 483 1609 526 J
1612 483 1808 538 ugurthi-

325 569 402 608 no,
424 555 503 598 sed
522 555 656 598 etiam
674 555 729 596 de
750 554 932 608 reliquis
946 554 1091 604 rebuS,
1108 566 1222 608 quas
1243 552 1520 608 deperditum
1541 551 1664 594 illius
1691 564 1809 608 opus

327 625 730 681 complectebatur.
787 622 910 665 Nam
945 626 1182 677 utrumque
1220 621 1470 677 principem
1500 621 1809 664 historicorum

327 693 631 737 Romanorum
654 693 821 748 saepius
843 691 901 734 ad
921 692 1059 735 verba
1078 691 1169 733 fere
1188 704 1335 747 usque
1353 691 1595 746 expressit.
1634 690 1810 747 Praeter

325 763 408 805 hos
427 761 563 804 etiam
589 761 701 804 alios
729 765 950 814 auctores,
973 761 1051 817 qui
1070 774 1212 803 rerum
1244 762 1333 804 aevi
1352 761 1424 804 sui
1442 764 1590 816 partes
1611 762 1809 813 egerunt,

327 834 372 873 et
391 834 494 874 acta
514 845 542 873 a
562 844 610 873 se
628 832 767 873 literis
787 831 1116 885 consignarunt,
1144 830 1399 873 adhibuisse
1419 830 1466 871 in
1481 842 1591 871 usus
1613 841 1722 871 suos
1741 827 1810 871 vi·
1885 872 1888 876 ,

328 902 471 953 detur,
505 915 548 942 v.
570 915 608 944 c.
630 900 855 943 Ciceronis
875 900 1056 955 scripta,
1091 899 1293 955 inprimis
1325 899 1561 950 orationes,
1588 896 1811 953 ejusdem-

329 983 416 1025 que
435 975 482 1013 et
503 970 748 1025 aequalium
768 969 1016 1023 epistolas3
1046 968 1238 1010 forsitan
1266 980 1446 1023 quoque
1474 970 1519 1008 et
1550 969 1653 1009 acta
1682 966 1812 1009 tabu-

326 1038 484 1094 lasque
516 1037 741 1093 publicas,
775 1037 933 1079 saltem
963 1037 1020 1078 ab
1054 1036 1157 1078 aliis
1186 1036 1283 1092 jam
1310 1035 1603 1090 scriptoribus
1638 1034 1812 1090 publici

321 1107 439 1162 juris
459 1106 621 1149 factas.
683 1104 748 1147 Ut
773 1106 891 1147 enim
923 1118 1239 1160 nonnunquam
1273 1104 1531 1147 Ciceronem
1560 1103 1710 1158 ipsum
1731 1116 1810 1146 ex-

326 1175 507 1230 pressit,
539 1176 605 1218 ita
641 1187 824 1231 quoque
857 1175 904 1216 in
935 1187 1049 1230 pace
1088 1187 1191 1216 cum
1229 1172 1491 1216 Mithridate
1524 1184 1604 1227 per
1630 1171 1810 1227 'Syllam

326 1244 450 1287 facta
479 1246 554 1297 (11.
574 1244 685 1295 23.),
715 1250 759 1286 et
778 1244 824 1285 in
846 1243 972 1286 Bruti
994 1242 1235 1298 Cassiique
1253 1241 1403 1285 edicto
1433 1240 1511 1297 (11.
1533 1237 1644 1295 62),
1675 1240 1813 1283 verba

326 1313 431 1367 ipsa
450 1312 607 1355 talium
627 1315 831 1353 actorum
855 1311 1137 1366 publicorum
1159 1314 1341 1353 secutus
1377 1323 1477 1352 esse
1513 1309 1702 1352 videtur.
1753 1308 1812 1351 In

329 1380 592 1424 Graecorum
611 1384 957 1436 exterorumque
980 1384 1130 1423 autem
1155 1380 1345 1423 historia
1366 1392 1584 1435 quosnam
1605 1380 1812 1421 auctores

327 1449 534 1492 habuerit
548 1449 767 1500 Velleius,
790 1448 893 1503 ipso
915 1452 1104 1501 tacente,
1133 1461 1358 1504 nusquam
1374 1450 1565 1504 apparet
1583 1448 1631 1490 in
1651 1447 1812 1502 prioris

326 1517 429 1560 libri
444 1521 570 1573 parte
584 1517 820 1572 superstite
836 1532 846 1570 ;
879 1518 956 1573 qui
970 1519 1009 1560 si
1027 1522 1145 1561 totus
1167 1522 1437 1574 superesset,
1455 1516 1711 1572 conjectura
1723 1515 1812 1557 for-

327 1587 442 1628 sitan
462 1586 633 1642 aliquid
651 1587 832 1641 assequi
853 1587 1018 1630 liceret.
1078 1587 1118 1629 E
1138 1587 1403 1644 Thucydide
1426 1599 1550 1637 sane,
1568 1597 1700 1641 quem
1716 1584 1814 1627 Sal-

328 1655 454 1698 lustii
479 1669 688 1710 magnum
707 1655 937 1710 exemplar
953 1654 1033 1711 (11.
1054 1654 1152 1712 36.)
1181 1656 1348 1708 laudat,
1367 1656 1414 1697 iu
1439 1654 1704 1697 Graecorum
1722 1653 1813 1696 his-

326 1725 439 1766 toria
454 1724 638 1766 multum
658 1723 875 1779 proficere
894 1725 1055 1779 potuit,
1075 1739 1131 1768 ne
1152 1729 1302 1768 tamen
1321 1737 1421 1767 eum
1436 1723 1707 1778 reliquorum
1721 1722 1813 1765 his-

328 1793 570 1835 toricorum
603 1791 797 1835 Graeciae
831 1791 970 1835 fuisse
997 1798 1228 1849 expertem
1258 1793 1406 1836 dicere
1440 1793 1600 1851 ausirn.
1661 1790 1814 1834 Multa

328 1874 508 1916 quoque
527 1874 674 1903 rerum
693 1861 958 1903 Graecarum
976 1862 1350 1918 barbararumque
1377 1875 1403 1903 e
1421 1861 1573 1916 Trogo
1589 1860 1812 1916 Pompeio

326 1930 505 1973 haurire
534 1930 699 1985 potuit,
728 1934 771 1972 et
806 1931 996 1973 fortasse
1030 1931 1198 1983 hausit,
1235 1933 1429 1973 attamen
1462 1943 1548 1973 non
1581 1932 1812 1986 perpetuo.

329 1999 492 2042 Statim
511 1999 631 2041 enim
650 2000 708 2042 ab
727 1999 858 2041 initio
879 1999 1046 2042 recedit
1063 2014 1091 2043 a
1110 2001 1233 2043 fama
1255 2013 1393 2056 quam
1410 2002 1586 2041 secutus
1606 2002 1679 2041 est
1698 1997 1814 2040 Tro-

328 2080 411 2122 gus
438 2067 495 2109 de
519 2066 770 2123 Metaponti
801 2067 1044 2111 conditore.
1104 2068 1210 2111 Vid.
1247 2067 1468 2110 Addenda
1493 2066 1612 2110 Edit.
1643 2070 1810 2110 nostrae

326 2134 513 2192 majoris
530 2136 587 2178 ad
606 2147 637 2177 1.
659 2136 701 2178 1.
762 2136 835 2178 Ibi
859 2135 974 2178 enim
991 2142 1036 2180 et
1055 2138 1158 2180 aliis
1175 2138 1220 2179 in
1241 2137 1358 2180 locis
1379 2136 1562 2192 passim,
1579 2136 1656 2178 ubi
1672 2148 1700 2178 a
1712 2134 1813 2178 vul-

329 2205 424 2259 gari
440 2206 653 2247 memoria
673 2205 880 2247 recedere
907 2205 1094 2256 videtur,
1118 2206 1253 2248 aliam
1279 2205 1446 2247 famam
1466 2217 1495 2246 a
1521 2204 1651 2246 bonis
1671 2203 1812 2258 scrip-

325 2272 497 2314 toribus
516 2277 741 2316 servatam
771 2273 994 2315 Nostrum
1023 2278 1225 2316 secutum
1255 2286 1368 2324 esse,
1399 2272 1670 2315 eruditorum
1689 2285 1811 2314 mea·

327 2353 415 2396 que
435 2342 585 2396 opella
617 2341 962 2384 demonstratum
983 2347 1073 2396 est;
1105 2342 1199 2385 vid.
1221 2355 1266 2384 v.
1287 2355 1327 2384 c.
1351 2340 1538 2384 Ruhnk.
1565 2340 1624 2383 ad
1650 2352 1683 2384 1.
1704 2341 1746 2382 4.
1767 2343 1813 2383 et

244 2467 252 2470 μ
327 2407 450 2453 Add.
470 2412 623 2452 nostra
641 2410 700 2452 ad
721 2421 754 2453 1.
770 2409 814 2452 3.
845 2413 929 2453 διο.

388 2476 718 2521 Firmissimum
744 2482 891 2521 autem
911 2477 1014 2519 fidei
1034 2477 1200 2520 Velleii
1229 2482 1533 2533 argumentum
1553 2482 1624 2519 est
1655 2490 1812 2533 perpe-

327 2551 432 2590 tuus
450 2546 540 2589 fere
562 2559 807 2589 consensus
827 2546 926 2602 ejus
959 2559 1060 2588 cum
1082 2547 1182 2589 aliis
1202 2548 1476 2599 auctoribus,
1511 2560 1628 2602 quos
1651 2558 1812 2589 consu-

326 2615 415 2658 lere
433 2615 487 2658 de
508 2616 660 2668 rebus,
682 2629 798 2671 quas
819 2619 991 2666 tractat,
1011 2613 1081 2656 fas
1102 2621 1186 2666 est,
1204 2616 1368 2671 quique
1389 2615 1648 2657 memoriam
1666 2626 1811 2656 rerum

326 2682 448 2726 haud
469 2684 698 2739 vulgarem
730 2684 819 2725 sibi
841 2682 1049 2725 traditam
1070 2689 1315 2726 servarunt.
1374 2683 1431 2726 In
1468 2683 1538 2725 his
1572 2696 1672 2725 cum
1701 2680 1812 2724 Vel-

327 2750 418 2794 leio
439 2752 754 2808 comparandis
773 2757 816 2794 et
832 2750 1035 2793 Editores
1049 2751 1145 2807 jam
1167 2757 1269 2794 ante
1286 2765 1356 2795 me
1377 2764 1562 2807 operam
1583 2763 1711 2793 suam
1729 2762 1814 2805 po-

329 2826 529 2874 suerunt,
563 2826 608 2866 et
642 2823 742 2878 ipse
761 2820 810 2864 in
829 2819 1042 2864 Editione
1062 2820 1263 2876 paranda
1281 2820 1424 2864 denuo
1439 2820 1525 2864 hac
1541 2819 1597 2863 de
1618 2832 1665 2862 re
1683 2818 1813 2863 labo·
