2008 3210
334 239 421 282 314

334 345 495 380 mittendi
509 347 641 390 legatos
663 349 871 392 nuntiosque
893 349 936 382 ad
953 358 1050 382 sena·

335 403 407 431 tum
419 398 441 438 ;'
466 409 610 441 quorum
633 401 884 444 ‘tractationem
901 401 928 433 si
943 402 1051 433 admi-

336 450 451 490 sisset,
469 450 544 491 jam
559 450 602 483 de
618 451 809 493 Majestate
835 452 977 493 publica
991 452 1052 484 ali-

337 500 421 543 quid
436 501 654 534 imminutum
671 507 777 544 esset,
799 503 854 535 cui
870 503 913 536 ad
930 513 1052 545 paren?

336 551 417 583 dum
442 561 479 584 se
505 552 629 585 sistere
656 557 695 585 ut
722 552 888 586 ὑπεύθυνος
907 553 1052 594 πολίτης,

336 612 405 635 non
421 613 605 636 occurrere
618 603 661 636 ad
674 605 921 647 paciscendum
935 605 1053 648 debet,

337 654 490 698 quisquis
503 654 597 687 inter
612 655 706 688 cives
733 661 771 690 et
796 657 949 690 membra
971 658 1053 690 civi-

337 705 420 737 tatis
434 705 532 747 cupit
554 706 685 740 haberi.
729 707 827 741 Sicut
847 718 913 741 nec
935 718 979 741 ex
1001 709 1052 740 di·

337 766 436 788 verso
465 755 509 788 ad
533 758 785 792 tumultuantes
809 759 903 791 cives
919 760 1052 802 legatos

336 807 430 839 mitti
445 806 607 840 decorum
623 813 678 842 est
695 810 810 852 Reip.,
835 811 896 843 sed
923 821 988 843 nec
1003 816 1052 843 ta-

335 858 387 890 les
402 858 596 900 legationes
612 860 677 892 hoc
694 861 844 903 nomine,
868 862 897 894 si
912 862 1053 904 proprie

336 911 528 952 loquamur,
556 912 772 953 appellandae
799 920 890 946 sunt.
947 915 1054 956 Egre-

337 960 413 1002 gius
440 965 495 993 est
517 962 614 994 locus
640 963 731 1004 apud
757 963 862 996 Dion.
885 964 921 996 in
951 965 1052 998 Orat.

338 1012 453 1044 Cicer.
469 1012 635 1045 adversus
651 1012 780 1047 Anton.
797 1014 858 1046 lib.
876 1024 959 1049 XLV.
990 1017 1054 1047 πῶς

336 1061 395 1102 μὲν
406 1062 469 1105 ’γὰρ
478 1063 534 1095 οὐκ
542 1062 675 1106 αἰσχρὸν
686 1063 808 1107 κήρυξιν
819 1066 888 1106 ὑμῖν
901 1065 952 1098 καὶ
961 1077 1055 1109 πρεσ-

337 1114 438 1151 βείαις
459 1114 535 1157 πρὸς
554 1115 627 1148 τοὺς
650 1116 785 1161 πολίτας
807 1119 963 1161 χρῆσθαι;
984 1120 1055 1152 Τοῖς

337 1165 396 1206 μὲν
409 1166 473 1209 γὰρ
495 1166 692 1209 ἀλλοφύλοις
716 1169 766 1201 καὶ
783 1169 1054 1212 ἐπικηρυκεύεσθαι

337 1217 389 1250 καὶ
424 1218 702 1261 διαπρεσβεύεσθαι
739 1222 789 1253 δεῖ
820 1221 972 1265 πρότερον
1003 1222 1055 1255 καὶ

337 1269 509 1310 ἀναγκαῖόν
534 1270 613 1303 ἐστι·
635 1274 702 1304 τοῖς
722 1271 756 1305 δὲ
778 1272 817 1313 δὴ
830 1274 976 1307 πολίταις
989 1276 1057 1307 τοῖς

337 1322 479 1354 ἀδικοῦσί
509 1335 558 1365 τε,
589 1326 785 1367 παραχρῆμα
817 1326 877 1365 τὴν
908 1326 1056 1369 τιμωρίαν

339 1373 482 1416 ἐπάγειν,
498 1373 537 1406 ἂν
561 1374 620 1415 μὲν
639 1375 699 1407 ὑπὸ
721 1378 791 1410 ταῖς
815 1377 929 1420 ψήφοις
943 1378 1055 1411 αὐτοὺς

338 1424 474 1469 λάβῃ-νε,
498 1425 698 1470 δικάζοντας,
730 1428 768 1461 ἂν
794 1428 829 1461 δὲ
842 1431 909 1462 τοῖς
934 1429 1057 1472 ὅπλοις,

336 1477 566 1519 πολεμοῦντας,
579 1483 616 1510 et
631 1488 708 1521 quae
725 1484 939 1522 sequuntur:
970 1481 1054 1518 Quo-

331 1530 427 1561 modo
440 1539 503 1561 non
527 1529 572 1562 sit
597 1533 703 1572 turpe,
727 1532 924 1573 proeconibus
942 1542 998 1565 nos
1023 1535 1055 1565 et

338 1580 455 1620 legatis
468 1580 519 1613 uti
534 1582 577 1613 ad
599 1579 711 1615 cives?
745 1582 834 1614 Nam
855 1593 926 1615 cum
948 1586 1055 1616 extra-

337 1631 406 1663 nais
433 1631 558 1673 quidem
583 1642 643 1673 per
678 1633 822 1664 nunh'os>
841 1637 916 1665 ante
951 1634 1056 1666 omnia

337 1683 513 1724 legatosque
537 1683 593 1723 agi
613 1693 674 1725 par
696 1687 743 1716 est
765 1694 802 1716 ac
825 1685 1055 1717 necessarium.-

337 1732 458 1765 civibus
486 1737 593 1765 autem
617 1734 752 1774 nefariis
773 1746 866 1776 poma
880 1737 991 1769 statim
1006 1738 1055 1769 in·

330 1783 480 1825 fligenda
496 1787 543 1817 ese
554 1795 568 1823 ,·
592 1785 718 1825 Judicio
739 1787 876 1829 quidem,
888 1788 918 1820 si
931 1791 1055 1820 senten-

337 1837 404 1869 tias
426 1836 520 1876 ferre
544 1838 706 1879 integrum
729 1842 775 1871 est
786 1851 800 1878 ,·
834 1840 885 1872 sin
913 1850 986 1872 vero
1014 1842 1057 1873 ad

338 1898 428 1920 arma
439 1887 662 1931 confugerunt,
673 1889 752 1922 bello
757 1892 962 1933 persequendi
971 1895 1056 1924 sunt.

340 1938 454 1971 Idem.

383 1989 559 2032 Haruspex
591 1991 723 2033 Tuscus]
758 1992 887 2035 Vulgo,
925 1993 1057 2026 Fuscus.

339 2041 514 2083 Haruspex
530 2042 662 2084 Tuscus]
685 2043 884 2077 Herennius
901 2044 1056 2077 Siculus.

340 2092 407 2126 Sed
431 2092 534 2125 aliter
560 2093 721 2126 Valerius
746 2095 806 2128 lib.
831 2104 885 2128 lx.
909 2105 986 2138 cap.
1003 2098 1055 2128 12.

339 2144 521 2177 Manutius.

386 2195 472 2232 Quin
487 2198 524 2227 tu
537 2195 594 2228 hoc
606 2195 728 2237 potius]
749 2186 840 2229 Hinc
855 2197 964 2230 verba
977 2207 1057 2230 cum

341 2249 442 2286 gestu
458 2249 496 2277 et
511 2245 808 2279 demonstratione
822 2248 1057 2290 intelligenda.

343 2321 347 2324 ⁴
385 2297 584 2341 Damnatum
595 2301 704 2339 postea
714 2292 840 2339 'publico
847 2299 984 2340 judicio]
1000 2299 1057 2332 Ob

341 2351 508 2390 acceptas
530 2358 552 2380 a
570 2348 748 2390 Jugurtha
763 2349 940 2390 pecunias.
988 2349 1057 2382 Sed

341 2397 494 2440 indigne.
541 2398 666 2431 Cicero
682 2409 746 2442 pro
760 2399 898 2433 Sestio:
930 2400 941 2418 ‘
959 2400 1057 2433 Unus

341 2449 379 2482 in
409 2450 474 2482 hac
506 2449 666 2491 civitate,
692 2459 792 2493 quem
823 2450 963 2494 quidem
993 2461 1057 2493 ego

341 2511 481 2544 possum
499 2501 629 2543 dicere,
656 2502 827 2543 praeclare
854 2502 908 2534 vir
930 2502 975 2534 de
991 2503 1058 2534 Re-

341 2551 436 2594 publ.
459 2552 619 2593 meritus,
641 2551 681 2584 1..
698 2551 870 2593 Opimius,
895 2551 1059 2593 indignis-

341 2602 427 2635 sime
455 2601 622 2634 concidit.
667 2601 772 2643 Cujus
799 2605 1059 2634 monumentum

344 2653 611 2686 celeberrimum
627 2656 681 2686 est
697 2652 731 2685 in
747 2651 838 2694 foro,
860 2653 1058 2695 sepulcrum

344 2704 616 2739 desertissimum
642 2704 678 2736 in
703 2703 822 2736 littore
838 2703 1059 2746 Dyrrachino

344 2755 504 2789 relictum
520 2760 595 2788 est:
620 2759 726 2798 atque
745 2755 836 2790 hunc
860 2759 975 2787 tamen
999 2754 1060 2787 fla-

345 2809 503 2848 grantem
518 2806 648 2842 invidia
664 2810 808 2849 propter
823 2806 1001 2840 interitum
1016 2806 1058 2840 C.

644 252 789 284 NOTAE
822 252 1093 285 VARIORUM
1127 253 1179 285 IN
1214 253 1499 288 PATERCULI

1101 350 1251 383 Gracchi
1272 360 1409 393 semper
1427 351 1501 393 ipse
1527 349 1568 383 P.
1587 349 1632 383 R.
1655 349 1809 392 periculo

1100 401 1272 443 liberavit,
1296 402 1363 434 alia
1388 402 1545 444 quaedam
1573 401 1684 434 civem
1707 408 1811 443 'egre-

1102 453 1195 495 gium
1221 452 1326 496 iniqui
1343 453 1469 495 judicii
1491 453 1646 495 procella
1672 463 1810 494 perver-

1101 503 1169 536 tit?
1214 504 1255 538 In
1283 505 1438 547 ejusdem
1465 504 1622 536 laudibus
1650 509 1745 546 saepe
1774 504 1810 536 in

1102 555 1225 595 Bruto,
1260 555 1303 588 de
1333 554 1454 596 Legib.
1493 559 1530 587 et
1566 554 1600 586 in
1640 555 1810 588 Pisonem.

1103 606 1240 647 Schegk.

1146 657 1281 698 Parum]
1304 657 1440 699 Lipsius
1458 657 1542 700 legit
1552 667 1663 698 parva.

1148 709 1327 750 Opimiani]
1357 709 1444 751 Vini,
1467 719 1529 751 pro
1551 709 1626 750 vici,
1649 708 1811 750 reposui;

1103 770 1204 803 quam
1221 761 1304 793 mihi
1329 761 1566 802 conjecturam
1591 760 1714 793 attulit
1725 760 1812 792 anti-

1103 812 1242 854 quitatis
1270 812 1490 852 observati03
1517 821 1595 844 nam
1615 811 1739 844 Cicero
1776 811 1812 843 in

1103 863 1226 903 Bruto,
1255 863 1318 895 ‘Si
1346 863 1444 905 quis,’
1474 863 1600 906 iuquit,
1632 863 1642 880 ‘
1669 863 1812 895 Falerno

1103 914 1181 947 vino
1198 914 1407 955 delectetur,
1422 914 1482 946 sed
1505 923 1546 946 eo
1570 924 1635 947 nec
1649 914 1699 947 ita
1713 922 1814 954 novo,

1103 970 1144 998 ut
1166 965 1328 1007 proximis
1351 965 1549 998 consulibus
1573 969 1691 997 natum
1717 964 1813 1005 velit,

1103 1026 1168 1048 nec
1195 1026 1312 1048 rursus
1339 1016 1387 1049 ita
1414 1022 1545 1059 vetere,
1570 1021 1608 1049 ut
1635 1017 1812 1059 Opimium

1104 1072 1165 1099 aut
1180 1066 1340 1100 Anicium
1364 1069 1537 1100 consulem
1553 1066 1710 1110 quaerat.’
1746 1067 1815 1100 Ac-

1104 1119 1199 1152 cedit
1222 1119 1330 1152 Plinii
1356 1120 1590 1153 testimonium
1613 1121 1665 1153 his
1686 1120 1814 1160 verbis,

1102 1170 1162 1203 lib.
1189 1179 1267 1203 X1v.
1293 1174 1327 1204 4.
1359 1171 1423 1204 ‘L.
1440 1171 1583 1213 Opimio
1607 1171 1745 1211 consule
1771 1181 1814 1203 ea

1105 1222 1181 1255 caeli
1196 1222 1382 1265 temperies
1397 1221 1504 1264 fulsit,
1519 1231 1622 1265 quam
1637 1226 1814 1255 cocturam

1104 1279 1244 1315 vocant,
1271 1274 1371 1307 *solis
1414 1284 1534 1316 opere,
1576 1275 1682 1307 natali
1719 1274 1814 1307 urbis

1104 1334 1290 1358 ncxxxnr.
1305 1326 1501 1368 durantque
1524 1324 1636 1357 adhuc
1658 1325 1739 1357 vina
1752 1323 1815 1357 du-

1105 1377 1217 1410 centis
1232 1376 1308 1409 fere
1323 1376 1433 1417 annis,
1452 1377 1526 1418 jam
1542 1377 1577 1408 in
1593 1376 1745 1418 speciem
1761 1385 1816 1408 re·

1104 1428 1208 1461 dacta
1235 1428 1346 1460 mellis
1382 1428 1519 1470 asperi:
1557 1427 1702 1470 (etenim
1738 1427 1813 1460 haec

1104 1483 1229 1513 natura
1258 1479 1346 1511 vinis
1380 1479 1415 1511 in
1445 1482 1620 1511 vetustate
1650 1477 1721 1520 est)
1749 1488 1814 1511 nec

1104 1531 1219 1575 potari
1234 1540 1298 1572 per
1313 1540 1351 1562 se
1367 1534 1512 1573 queunt,
1534 1530 1563 1562 si
1588 1539 1657 1561 non
1680 1529 1816 1571 pervin-

1105 1585 1163 1613 cat
1198 1590 1300 1623 aqua,
1335 1590 1443 1623 usque
1478 1581 1514 1613 in
1550 1580 1814 1613 amaritudinem

1105 1632 1200 1665 carie
1230 1630 1423 1664 indomita!
1482 1631 1529 1664 Et
1556 1631 1678 1664 eodem
1705 1630 1818 1672 libro,

1105 1693 1182 1726 cap.
1198 1686 1250 1716 14.
1273 1684 1283 1702 ‘
1301 1682 1499 1726 Apothecas
1512 1682 1630 1723 fuisse,
1643 1687 1680 1715 et
1692 1681 1817 1715 diffun-

1106 1736 1142 1768 di
1158 1735 1358 1768 vina'solita
1372 1744 1461 1767 anno
1484 1743 1674 1768 ncxxxm.
1698 1733 1817 1774 Urbis,

1106 1791 1255 1831 apparet
1268 1787 1464 1820 indubitato
1481 1786 1659 1829 Opimiani
1680 1785 1750 1818 vini
1766 1795 1818 1817 ar-

1106 1843 1280 1882 gumento,
1301 1839 1376 1882 jam
1402 1837 1621 1880 intelligente
1642 1846 1740 1869 suum
1755 1836 1817 1869 bo-

1106 1900 1188 1923 num
1202 1890 1326 1930 Italia;
1351 1889 1505 1922 nendum
1527 1893 1644 1922 tamen
1669 1888 1735 1921 ista
1756 1898 1814 1930 ge-

1107 1951 1193 1974 nera
1208 1941 1243 1974 in
1256 1940 1417 1973 claritate
1427 1943 1543 1973 eraut:
1559 1940 1678 1982 itaque
1694 1938 1820 1978 omnia,

1107 1997 1192 2025 tunc
1219 1992 1352 2035 genita,
1378 2001 1483 2024 unum
1510 1990 1642 2023 habent
1670 1989 1819 2022 consulis

1108 2043 1256 2076 nomen.'
1301 2042 1392 2075 Vide
1418 2047 1456 2075 et
1481 2040 1707 2075 Plutarchum
1726 2041 1762 2073 in
1778 2040 1819 2073 C.

1108 2095 1279 2129 Graccho.
1310 2095 1440 2127 Manat.
1626 2111 1629 2114 ⁴
1688 2110 1691 2113 -

1154 2148 1246 2184 Quod
1263 2147 1337 2187 jam
1350 2146 1470 2178 nullum
1484 2144 1564 2186 esse]
1586 2144 1754 2177 Testatur
1770 2146 1820 2175 ta·

1107 2208 1186 2230 men
1202 2194 1336 2230 Plinius
1351 2197 1435 2229 Nat.
1451 2196 1546 2228 Hist.
1562 2195 1623 2228 lib.
1639 2203 1720 2228 xiv.
1744 2204 1774 2227 c.
1786 2197 1819 2228 4.

1109 2249 1296 2291 Opimiana
1318 2248 1399 2280 vina
1425 2256 1487 2279 suo
1517 2256 1592 2279 aevo
1622 2245 1732 2278 adhuc
1751 2244 1820 2277 -du-

1107 2309 1203 2333 rare:
1226 2298 1400 2332 Martialis
1416 2297 1521 2330 etiam
1544 2306 1587 2330 ea
1603 2296 1732 2339 passim
1746 2297 1820 2328 lau·

1107 2351 1181 2384 dat.
1226 2349 1358 2382 Misere
1383 2349 1517 2391 itaque,
1531 2348 1682 2380 virorum
1701 2347 1820 2380 docto-

1107 2411 1183 2434 rum
1192 2400 1339 2443 judicio,
1351 2400 1406 2432 hic
1418 2398 1552 2431 fallitur
1562 2399 1728 2432 Velleius.
1749 2398 1819 2431 Sed

1107 2452 1159 2484 illi
1175 2451 1257 2484 mihi
1270 2454 1422 2484 mentem
1439 2450 1578 2491 Velleii,
1598 2450 1665 2482 etsi
1679 2449 1822 2482 minime

1107 2503 1304 2543 obscuram,
1343 2511 1412 2534 non
1452 2501 1610 2534 adsecuti
1647 2500 1820 2533 videntur.

1108 2555 1199 2587 Haec
1212 2554 1305 2586 enim
1321 2557 1376 2586 est
1391 2552 1467 2594 ejus
1483 2550 1678 2584 sententia:
1701 2550 1819 2583 seculo

1109 2615 1170 2638 suo
1186 2615 1275 2646 esse,
1292 2603 1351 2647 qui
1373 2603 1559 2646 Opimiano
1585 2601 1665 2634 vino
1690 2610 1727 2634 se
1746 2601 1822 2643 jac-

1108 2659 1203 2689 tent:
1228 2655 1290 2688 sed
1310 2656 1431 2697 iugens
1449 2658 1643 2695 temporum
1657 2653 1821 2685 interval-

1107 2707 1177 2739 lum
1204 2705 1306 2739 facile
1332 2715 1490 2747 arguere,
1514 2704 1550 2736 id
1575 2713 1644 2736 non
1670 2714 1747 2736 esse
1775 2714 1820 2737 ex

1107 2758 1169 2790 illo
1184 2757 1304 2790 veteri.
1349 2755 1532 2790 Probabili
1546 2764 1627 2787 sane
1642 2764 1822 2797 argumen-

1108 2813 1146 2842 to
1176 2818 1255 2842 usus
1286 2811 1350 2841 est.
1410 2807 1456 2841 Et
1483 2804 1601 2849 quidni
1629 2806 1820 2850 credamus,
