2002 3250
348 271 436 320 244

349 380 455 435 sus,3
476 383 553 439 qui
574 396 600 425 a
620 386 746 439 patre
773 384 820 425 in
851 382 897 424 id
928 383 1075 436 ipsum
1095 381 1282 436 plurimo
1301 382 1475 438 pridem
1494 383 1595 438 igne
1614 382 1813 427 emicans

346 454 592 496 incendium
621 453 822 495 militaris
850 451 1061 493 tumultus
1095 452 1257 493 missus
1286 456 1395 504 erat,
1428 452 1578 507 prisca
1609 452 1812 507 antiquas

347 534 436 577 que
456 522 692 562 severitate
711 534 834 570 usus,
857 520 1070 574 ancipitia
1098 517 1213 571 sibi:
1234 525 1322 563 tam
1347 525 1430 571 re,4
1448 534 1576 576 quam
1600 519 1812 575 exemplo

339 590 596 644 perniciosa
610 588 716 639 ***‚
739 592 782 629 et
813 587 882 629 his
906 588 1019 642 ipsis
1049 587 1242 629 militum
1273 588 1449 642 gladiis,
1468 589 1632 643 quibus
1653 589 1811 630 obses-

344 669 419 698 sus
441 661 545 706 erat,
564 655 821 698 obsidentes
842 653 1055 705 coercuit,
1077 655 1283 709 singulari
1305 656 1504 711 adjutore
1529 657 1575 697 in
1604 669 1658 698 eo
1677 666 1812 710 nego⁴

343 725 405 767 tio
438 738 548 766 usus
573 724 709 766 Junio
743 723 913 772 Blaeso,
951 724 1046 765 viro
1066 724 1242 765 nescias
1275 724 1449 766 utiliore
1483 725 1526 765 in
1554 724 1728 774 castris,
1749 736 1808 766 an

341 793 517 834 meliore
556 793 600 833 iu
629 791 760 846 toga.·'
819 790 928 842 Qui,
965 795 1072 845 post
1105 805 1277 846 paucos
1314 805 1451 834 annos
1487 791 1735 847 proconsul
1757 791 1807 833 in

335 859 510 912 Africa,
532 863 785 902 ornamenta
805 859 1105 913 triumphalia,
1128 871 1228 900 cum
1249 859 1547 914 appellatione
1570 859 1809 914 Imperato-

339 925 440 980 ria,k
478 929 646 970 meruit.
707 927 873 982 Atque⁵
910 927 1158 981 Hispanias
1195 928 1538 982 exercitumque,
1570 927 1806 969 virtutibus

339 996 714 1050 celeberrimaque
746 995 792 1036 in
819 994 1002 1049 Illyrico
1041 994 1200 1036 militia
1216 994 1322 1045 ***,
1366 994 1453 1050 (ut)
1497 995 1806 1050 praediximus,

339 1077 441 1105 cum
472 1063 660 1118 imperio
693 1063 915 1112 obtinens,
937 1061 983 1102 in
1017 1074 1191 1103 summa
1219 1075 1333 1116 pace
1364 1060 1467 1118 (ac)
1497 1063 1643 1117 quiete
1665 1063 1806 1105 conti*

336 1132 454 1184 nuit3
485 1144 585 1173 cum
607 1131 650 1172 ei
670 1131 818 1186 pietas
839 1131 1087 1172 rectissima
1106 1131 1339 1181 sentiendi,
1361 1135 1403 1172 et
1423 1130 1681 1180 auctoritas,
1702 1143 1804 1184 quae

336 1200 563 1251 sentiebat,
584 1197 811 1240 obtinendi
833 1202 1095 1253 superesset.
1147 1196 1286 1253 Cujus
1307 1211 1459 1240 euram
1480 1197 1686 1239 acvfidem
1710 1198 1803 1239 Do-

332 1267 498 1310 lobella
510 1281 700 1323 quoque,
723 1267 791 1309 vir
810 1266 1110 1321 simplicitatis
1130 1266 1502 1319 generosissimae,
1523 1266 1566 1306 in
1579 1265 1803 1309 maritima

333 1338 459 1390 parte
479 1335 650 1391 Illyrici
669 1348 749 1390 per
769 1334 916 1376 omnia
934 1334 1129 1375 imitatus
1149 1335 1230 1375 est.
1552 1350 1555 1351 ⁷

785 289 827 321 Ο.
859 287 1064 319 VELLEII
1097 288 1383 322 PATERGULI

377 1467 387 1488 ⁸⁷
413 1468 484 1504 Quo
498 1467 620 1509 quidem
635 1471 770 1510 tempo-re
794 1470 828 1499 ut
846 1467 1051 1499 Germanicus
1072 1466 1139 1507 egit
1159 1467 1306 1507 pleraque
1319 1465 1464 1505 fortiter,
1487 1466 1535 1498 ita
1556 1467 1692 1506 Drusus,
1714 1466 1768 1508 qui
1781 1477 1801 1498 a

327 1514 421 1552 patre
441 1510 551 1542 missus
565 1514 632 1542 erat
648 1512 689 1542 ad
704 1510 972 1551 extinguendum
987 1510 1065 1542 iilud
1079 1510 1178 1551 ipsum
1192 1510 1368 1541 incendium
1385 1509 1548 1541 seditionis
1558 1509 1707 1550 militum,
1720 1510 1801 1550 quod

327 1553 469 1595 profecto
491 1553 658 1594 plurimum
673 1554 822 1590 ardebat;
847 1553 993 1593 Drusus,
1011 1554 1160 1595 inquam,
1180 1562 1285 1594 agens
1311 1562 1379 1583 cum
1401 1552 1563 1592 gravitate
1579 1552 1680 1594 digna
1697 1556 1800 1584 vetere

331 1599 363 1628 et
386 1597 515 1638 antiqua
542 1597 664 1637 Roma,
681 1599 716 1628 et
742 1605 834 1628 ausus
855 1606 920 1627 rem
946 1596 1033 1627 dubii
1060 1596 1196 1634 exitus;
1224 1596 1371 1635 repressit
1397 1601 1509 1626 motus
1532 1605 1618 1637 aeque
1640 1595 1801 1626 damnosos

332 1640 473 1681 exemplo
488 1642 578 1681 atque
591 1649 626 1671 re
635 1650 648 1678 ,·
669 1642 701 1671 et
716 1649 766 1670 eos
780 1639 834 1680 qui
847 1639 947 1681 ipsum
963 1638 1143 1670 obsidebant
1171 1639 1330 1680 repressit,
1355 1648 1424 1669 cam
1445 1638 1494 1670 his
1513 1638 1593 1679 ipsis
1606 1638 1703 1670 armis
1716 1638 1799 1670 mili-

321 1681 409 1722 tum,
423 1683 531 1723 quibus
556 1682 693 1714 obsessus
716 1685 796 1713 erat.
842 1682 882 1713 In
897 1692 956 1723 quo
980 1683 1106 1722 negotio
1129 1690 1201 1712 usus
1217 1685 1269 1712 est
1282 1681 1439 1721 singulari
1454 1691 1547 1721 opera
1569 1681 1661 1713 Junii
1681 1680 1797 1722 Beaesi,

330 1724 404 1764 viri,
420 1726 464 1757 de
480 1736 545 1768 quo
562 1726 618 1758 vix
633 1726 721 1758 dicas
732 1726 878 1757 utiliorne
893 1725 936 1756 sit
951 1724 985 1756 in
997 1724 1086 1766 bello,
1102 1734 1144 1756 an
1156 1723 1359 1765 praestantior
1368 1724 1402 1756 in
1414 1733 1501 1765 paee.

321 1887 394 1920 Ed.
412 1888 517 1920 Basil.
554 1888 617 1919 Ed.
640 1897 693 1928 pr.
715 1887 915 1919 Brutus—4
938 1885 1080 1918 Editum
1097 1895 1139 1916 ex
1156 1885 1222 1918 Ed.
1242 1895 1295 1927 pr.
1317 1885 1380 1917 nisi
1404 1885 1493 1928 quod
1520 1884 1794 1927 interpunximus

327 1935 409 1972 post
428 1931 499 1968 sibi,
522 1930 556 1962 h.
573 1941 605 1962 e.
627 1931 757 1971 Druso,
771 1934 807 1962 et
824 1929 963 1962 verbum
981 1927 1130 1970 aliquod,
1147 1938 1178 1961 v.
1202 1938 1232 1961 c.
1249 1929 1344 1968 adiit,
1359 1939 1385 1960 s.
1407 1937 1574 1969 aggressus
1597 1932 1657 1967 est,
1673 1929 1797 1961 lacuna

325 1974 484 2006 haustum
501 1983 574 2006 esse
592 1977 763 2014 putamus.
796 1972 881 2004 Cod.
897 1973 1008 2003 timere
1024 1980 1085 2012 pro
1099 1974 1163 2002 tam
1178 1981 1221 2004 re.
1259 1972 1413 2003 Gronov.
1437 1972 1459 2002 l.
1478 1972 1499 2003 l.
1516 1971 1692 2011 severitate,
1705 1980 1795 2004 ame

326 2017 478 2058 ancipitia
489 2017 549 2048 sibi
562 2021 628 2048 tam
638 2026 684 2056 re,
698 2026 790 2056 quam
802 2015 940 2056 exemplo
954 2014 1140 2055 perniciosa,
1155 2014 1204 2045 his
1215 2015 1291 2055 ipsis
1302 2026 1312 2045 .·
1337 2014 1516 2046 Ruhnken.
1533 2014 1700 2045 seueritate
1710 2023 1796 2055 um,

324 2061 500 2101 amputavit
531 2063 597 2091 tam
621 2069 668 2099 re,
690 2060 744 2099 ἔμ’.
779 2059 906 2090 Kraus.
939 2057 1041 2088 Voss.
1068 2066 1162 2088 ausus
1186 2057 1351 2098 ancipitia,
1374 2057 1435 2088 sibi
1453 2060 1518 2088 tam
1534 2066 1550 2088 e
1564 2066 1611 2097 re,
1626 2066 1792 2098 quamep.

325 2102 448 2135 Heius.
466 2107 546 2143 post
561 2103 699 2143 exemplo
715 2101 813 2134 addit
826 2101 860 2132 in
871 2099 1028 2142 publicum
1039 2109 1050 2130 .·
1073 2100 1262 2133 Burmann.
1277 2100 1343 2139 leg.
1362 2100 1467 2142 prisea
1482 2110 1512 2132 a.
1523 2110 1547 2131 s.
1563 2100 1695 2140 ancipiti
1707 2109 1794 2139 auso,

325 2149 391 2178 tam
406 2155 452 2185 re,
466 2146 584 2186 &c.—5
609 2145 667 2177 Ita
683 2144 863 2176 Ruhnken.
879 2142 1060 2175 constituit
1072 2142 1262 2183 periodum.
1296 2143 1359 2175 Ed.
1373 2151 1423 2184 pr.
1435 2153 1472 2173 ac
1488 2142 1664 2183 Hispanias
1674 2142 1793 2174 exerci-

324 2193 464 2230 tumque,
489 2188 661 2220 virtutibus
680 2187 937 2228 celeberrimaque
960 2188 994 2218 in
1018 2185 1150 2227 Illyrico
1173 2186 1303 2224 militia,
1328 2185 1544 2226 proediximus,
1566 2195 1637 2216 cam
1662 2185 1793 2226 imperio

322 2231 488 2271 obtineret,
503 2232 535 2263 in
551 2241 671 2263 summa
687 2240 775 2272 pace,
788 2230 890 2272 quiete
905 2228 1068 2261 continuit.
1103 2228 1191 2260 cod.
1214 2229 1256 2259 ad
1283 2227 1469 2269 Hispanias.
1513 2227 1686 2259 Lacunam
1713 2227 1746 2260 h.
1768 2228 1792 2260 Ι.

324 2274 428 2309 etiam
455 2275 636 2307 Ruhnken.
662 2274 854 2316 suspicatus
879 2276 943 2304 est.
989 2271 1115 2303 Krans.
1141 2270 1311 2303 excidisse
1327 2275 1429 2312 putat
1445 2269 1597 2307 meritum
1620 2269 1667 2303 cf.
1694 2279 1790 2312 supr.

989 2379 1023 2412 N
1029 2378 1132 2411 O'rAE

314 2456 473 2500 'Augusti
489 2456 620 2499 nepoti,
642 2460 678 2489 et
699 2455 832 2489 Tiberii
850 2455 1027 2498 adoptivo,

323 2508 516 2541 convicium
532 2508 669 2550 publice
683 2506 812 2540 facere.

368 2558 377 2580 ¹
397 2558 575 2591 Severitate
593 2568 677 2599 usus,
690 2557 844 2600 ancipitia
864 2557 936 2597 sibi,
955 2555 1026 2599 εἷα]

318 2603 426 2642 ‘Hunc
450 2609 564 2641 locum
586 2607 679 2641 foede
704 2613 904 2649 corruptum
932 2607 1025 2639 varie

315 2659 505 2702 'emendant
543 2659 727 2698 Gruterus,
765 2658 955 2698 Acidalius,
988 2663 1026 2690 et

319 2710 471 2742 Vossius.
494 2711 548 2742 Ex
560 2720 704 2751 quorum
713 2709 918 2741 lectionibus
929 2710 1026 2750 hanc,

313 2760 422 2802 ‘quam
431 2761 540 2792 secuti
552 2769 667 2792 sumus
677 2760 710 2791 in
719 2759 1027 2801 Interpretatione‚

319 2808 550 2845 confecimus:
574 2811 686 2842 Prisca
703 2812 892 2852 antiquaque
911 2811 1027 2843 severi-

318 2855 399 2909 tate,
410 2868 503 2893 ansus
523 2859 678 2906 ancipitia
697 2860 759 2893 sibi
769 2871 783 2901 ;
805 2864 871 2895 tam
884 2870 919 2894 re
933 2870 1026 2904 qnam

1081 2454 1219 2495 exemplo
1231 2453 1421 2495 perniciosa,
1444 2458 1475 2486 et
1497 2454 1546 2486 his
1560 2453 1638 2496 ipsis
1652 2453 1788 2486 militam

1078 2504 1210 2545 gladiis,
1226 2505 1336 2546 quibus
1351 2506 1488 2538 obsessus
1510 2509 1592 2546 erat,
1613 2505 1788 2538 obsidentes

1079 2555 1226 2588 coiit-cuit.
1286 2556 1340 2587 Ita
1377 2563 1416 2587 ut
1445 2556 1583 2588 coercuit
1615 2554 1789 2588 referatur

1080 2610 1153 2637 tum
1171 2606 1215 2638 ad
1226 2606 1410 2646 obsidentes,
1425 2612 1496 2638 tum
1510 2607 1551 2638 ad
1565 2605 1756 2647 perniciosa.

1122 2658 1137 2680 ¹⁸
1163 2661 1243 2691 Cum
1255 2660 1459 2701 appellatione
1473 2659 1692 2701 Imperatoria]
1707 2658 1787 2703 {aip-

1081 2710 1131 2741 sio
1163 2715 1257 2742 recte
1288 2710 1506 2742 observatum
1544 2715 1608 2748 est,
1642 2708 1786 2742 sunium

1080 2761 1230 2793 Blaesum
1246 2761 1397 2793 omnium
1423 2765 1632 2802 postremum
1648 2769 1670 2791 a
1681 2758 1786 2792 'ribe-

1079 2811 1131 2843 rio
1145 2810 1252 2844 fuisse
1276 2810 1505 2855 Imperatorio
1531 2809 1666 2843 nomine
1682 2809 1785 2853 insig-

1077 2861 1199 2898 nitum.
