2008 3210
348 254 436 305 316
660 267 803 299 NOTAE
840 269 1108 300 vmuonun
1145 268 1194 301 ιΝ
1233 270 1518 304 PA'rEncum

350 365 497 405 utroque
522 371 591 395 non
606 362 717 395 solum
744 363 966 405 magistratus
981 363 1063 405 sint,

350 413 414 448 sed
429 424 473 447 ne
488 413 628 458 quidem
652 424 719 447 uno
742 420 899 458 tempore
916 416 950 447 in
967 424 1065 448 sena-

350 468 409 500 tu!
443 467 626 500 Boeclerus.

394 519 435 551 In
472 519 603 560 collegio
635 518 807 560 consulum]
841 518 939 551 Fasti
962 518 1064 562 Capi-

350 571 452 604 tolini
475 572 543 603 huc
572 572 658 605 mire
682 571 885 604 conferunt:
911 580 942 605 1..
967 581 1065 605 MAN-

350 631 440 654 vas.
457 631 488 655 1..
504 631 536 655 n.
553 631 583 655 L.
600 631 636 654 u.
662 630 837 655 Acmmvs
863 631 1063 656 FVLVIANVS

351 682 386 709 α.
402 683 565 706 FVLVlvs.
584 682 619 709 Q.
636 683 668 707 r.
687 684 728 708 M.
745 683 781 708 Ν.
797 683 968 708 ηΑοονε.
996 684 1064 707 nm

350 733 514 758 FRATRES
533 734 710 759 onasum
726 735 909 760 Fvenvur.
929 726 1064 768 Schegk.

394 777 541 818 Acidini]
573 778 699 820 Vulgo,
728 778 892 811 Acidioni.
921 778 1065 820 Acidini,

349 829 537 870 legendum
550 828 658 870 videt,
668 830 874 873 quicumque
886 829 934 862 sit
947 830 1064 872 paullo

349 879 540 912 humanior.
586 880 688 914 Quod
716 881 821 913 etiam
848 881 946 914 Fasti
961 881 1065 924 Capi-

350 931 450 964 tolini
481 932 674 974 declarant,
711 942 800 965 anno
838 933 882 966 U.
912 941 1064 968 anxlv.

349 982 530 1015 Manutius.

395 1034 488 1070 Quod
523 1034 602 1066 solis
636 1034 815 1076 contigerat
853 1035 1065 1078 Scipionibus]

348 1083 418 1124 An,
433 1088 471 1116 ut
487 1084 612 1118 fratres
628 1087 781 1127 germani
799 1086 867 1119 duo
882 1086 1063 1129 Scipiones

349 1145 528 1168 censuram
542 1136 644 1169 simul
656 1143 833 1180 gererent,
845 1138 935 1181 quod
950 1139 1064 1180 proxi-

349 1195 406 1219 ma
421 1186 584 1220 videntur
606 1188 763 1221 indicare
792 1189 974 1230 superiora
988 1199 1064 1222 ver-

349 1237 418 1270 ba?
453 1238 559 1271 Nulla
589 1240 734 1281 mentio,
764 1241 896 1273 nullum
925 1242 1064 1274 omnino

349 1289 534 1331 vestigium
561 1290 596 1323 in
618 1291 780 1325 historiis.
824 1292 917 1326 Quid
933 1292 1063 1335 igitur?

348 1340 428 1373 Hoc
443 1340 591 1375 fortasse
609 1354 618 1375 ε
643 1353 721 1375 cum
746 1343 900 1377 Velleius
921 1345 1064 1387 colligat

346 1390 472 1424 fratres
487 1391 635 1425 eundem
660 1394 761 1426 simul
787 1395 951 1428 honorem
971 1406 1064 1428 asse-

347 1447 459 1485 cutos,
473 1442 550 1476 fieri
566 1449 694 1486 potest,
706 1449 760 1485 ut,
777 1446 1064 1487 quemadmodum

348 1494 393 1526 de
416 1496 709 1537 triumphantibus
734 1497 902 1539 Metellis,
917 1499 1064 1532 consuli·

347 1546 411 1578 bus
428 1546 470 1580 Q.
488 1547 603 1579 Fulvii
618 1547 711 1590 tiliis,
730 1548 931 1582 censoribus
948 1559 1064 1583 rursus

348 1597 515 1639 Metellis,
527 1603 703 1640 postremo
719 1600 954 1633 narrationem
969 1611 1063 1635 suam

348 1649 547 1691 concludat,
561 1651 723 1692 exemplo
750 1651 895 1684 duorum
918 1652 1064 1686 fratrum

348 1710 604 1744 germanorum,
619 1703 677 1744 qui
706 1702 925 1745 aedilitatem,
940 1704 1064 1738 eodem

348 1762 439 1784 anno
467 1753 761 1787 administrarint:
801 1754 837 1786 hi
873 1754 985 1798 fuere,
1022 1757 1064 1790 P.

346 1802 477 1845 Scipio,
494 1805 552 1847 qui
569 1809 689 1846 postea
715 1805 949 1839 Hannibalem
971 1806 1066 1840 devi-

347 1855 408 1895 cit,
424 1859 461 1887 et
478 1856 604 1888 Lucius
629 1857 703 1898 ejtis
727 1855 863 1897 frater;
884 1858 980 1900 quod
995 1858 1064 1897 Ρο-

346 1905 462 1946 lybius
489 1906 590 1939 initio
617 1907 676 1940 lib.
704 1916 742 1940 Χ.
765 1909 870 1950 plane
895 1909 1063 1945 declarat.

347 1956 426 1989 Hoc
448 1958 637 1990 notandum
661 1959 794 2001 putavi,
818 1959 902 1993 falsa
917 1971 1065 2004 quorun-

347 2009 426 2041 dam
453 2009 648 2043 admonitus
672 2011 889 2054 conjectura,
902 2013 966 2057 flni
991 2014 1064 2044 Cae-

343 2060 490 2103 pionibus
515 2062 704 2103 legendum
733 2062 949 2105 existimant,
980 2074 1064 2107 quo-

346 2120 421 2144 rum
458 2111 604 2144 fratrum
640 2113 731 2145 alter
764 2118 847 2146 ante
884 2114 1063 2157 Metellos,

345 2162 438 2195 alter
468 2167 562 2205 post,
599 2173 782 2196 censuram
821 2166 950 2207 gessit:
985 2177 1063 2201 cum

345 2213 501 2246 Velleius
517 2223 576 2246 eos
592 2220 851 2258 commemoret,
867 2217 926 2259 qui
938 2218 1062 2251 eodem

346 2273 437 2296 anno
453 2265 554 2297 simul
578 2265 745 2299 honorem
771 2267 919 2300 eundem
940 2268 1062 2311 adepti

346 2318 438 2347 sunt.
461 2316 564 2348 Idem.
611 2317 703 2353 Quod
713 2318 788 2350 solis
801 2318 979 2360 contigerat
993 2320 1063 2352 Sci·

343 2367 504 2409 pionibus]
527 2368 598 2401 Sed
622 2373 747 2410 postea
771 2370 878 2403 etiam
900 2372 1062 2404 Lucullo-

346 2427 421 2450 rum
437 2419 636 2460 exemplum
648 2419 816 2453 habemus
830 2421 866 2453 iu
882 2421 1062 2456 Plutarchi

347 2468 481 2501 Lucull.
514 2470 660 2502 Boecler.

391 2519 513 2552 Cimbri
541 2523 574 2552 ct
605 2521 753 2563 Teutoni]
786 2522 877 2555 Vide
904 2522 1061 2557 Annota·

345 2573 459 2606 tiones
473 2573 518 2605 ad
532 2573 745 2607 Sallustium.

390 2624 542 2664 Minucii,
555 2625 628 2666 ξω]
659 2625 777 2667 Sigon.
804 2625 1000 2660 Commeat.
1024 2628 1060 2660 in

345 2672 428 2707 fast.
443 2678 480 2706 et
496 2675 660 2717 triumph.
672 2676 772 2709 Rom.
783 2676 827 2709 ad
841 2686 896 2711 an.
908 2686 1061 2712 ncxmn.

346 2726 527 2759 Boeezerua.

403 2777 594 2819 Scordiscis]
637 2779 828 2822 Scordisci,
864 2781 1060 2824 Ξκορδίσκοι,

345 2827 538 2862 Ptolemaeo
569 2830 760 2864 Pannoniae
789 2831 970 2866 Inferioris
999 2843 1060 2876 po-

1115 364 1202 407 puli,
1230 375 1315 408 quos
1342 366 1470 400 Strabo
1498 366 1603 399 etiam
1629 366 1826 402 Scor-discas

1115 421 1230 459 vocat,
1255 421 1293 450 et
1314 417 1514 451 Scordissos
1533 419 1613 452 Sex.
1631 418 1753 460 Rufus,
1767 420 1826 462 qui

1116 477 1178 500 eos
1192 468 1228 501 in
1241 469 1392 502 Thracia
1410 469 1528 502 vicina
1552 470 1694 512 regione
1717 470 1826 512 ponit.

1113 519 1238 553 Strabo
1253 529 1312 553 eos
1327 520 1476 563 Illyricis
1495 524 1533 554 et
1544 521 1735 554 Thracibus
1749 530 1828 563 per-

1115 571 1242 604 mixtos
1258 571 1391 605 scribit.
1427 572 1589 605 Rasciam
1601 573 1651 605 eis
1667 572 1828 606 attribuit

1115 622 1218 655 hodie
1244 623 1447 656 Castaldus:
1486 625 1495 642 ‘
1528 623 1602 666 Ipsi
1631 634 1668 657 se
1700 629 1828 658 vocant

1114 685 1207 708 nunc
1223 675 1420 718 Bosuachi,'
1438 676 1552 719 inquit
1567 677 1669 710 nom.
1692 677 1804 719 Niger
1819 687 1828 708 ι

1114 727 1180 760 hoc
1207 731 1275 770 est,
1300 728 1434 761 Bossen
1457 729 1677 762 Germanice.
1726 729 1827 762 Scor-

1115 778 1287 811 discorum
1313 779 1558 822 etymologiam
1585 781 1661 822 lege
1685 773 1721 812 iu
1750 779 1828 813 Bri-

1116 828 1234 861 tannia
1248 828 1434 861 Humfredi
1450 829 1601 872 Lhuydi.
1641 830 1827 873 eordistae,

1115 878 1294 921 Κορδίσται,
1310 885 1390 912 sunt.
1404 882 1494 914 male
1510 881 1604 924 apud
1619 880 1827 915 Athenarum

1114 931 1177 964 lib.
1193 941 1246 964 vi.
1264 932 1322 975 qui
1344 931 1487 966 Galatas
1512 943 1557 966 ex
1583 933 1624 966 iis
1644 932 1747 975 facit,
1769 933 1828 976 qui

1116 993 1195 1016 cum
1232 984 1373 1016 Brenno
1410 984 1620 1027 Delphicum
1657 986 1826 1027 templum

1114 1035 1361 1078 spoliaverant.
1418 1035 1598 1068 Scordiscos
1622 1036 1743 1069 Gallos
1767 1045 1828 1069 no-

1114 1087 1223 1120 minat
1252 1087 1472 1129 Posidonius,
1494 1087 1586 1130 apud
1608 1087 1829 1128 Strabonem,

1115 1139 1174 1181 qui
1199 1148 1258 1172 eos
1286 1138 1442 1181 duplices
1467 1138 1566 1180 facit,
1594 1140 1644 1172 cis
1674 1144 1712 1172 et
1738 1140 1828 1173 ultra

1114 1191 1243 1223 Istrum
1270 1190 1473 1224 incolentes.
1518 1191 1605 1224 Hos‘
1622 1191 1721 1224 novit
1746 1201 1828 1233 quo·

1115 1251 1181 1284 que
1211 1241 1347 1284 Trogus
1377 1251 1501 1275 xxxu.
1546 1242 1637 1276 Vide
1671 1243 1826 1277 -tabulam

1114 1292 1299 1326 Ptolemaei
1314 1293 1349 1325 in
1364 1294 1506 1335 Europa
1520 1294 1687 1336 quintam.
1734 1294 1829 1327 Orte·

1113 1344 1185 1377 lius.
1209 1344 1400 1386 Scordiscis]
1421 1346 1479 1377 De
1495 1345 1546 1377 his
1559 1346 1610 1379 ita
1626 1346 1750 1378 Florus
1764 1345 1828 1380 lib.

1114 1405 1172 1430 ιιι.
1187 1399 1221 1429 4.
1253 1396 1263 1414 ‘
1277 1395 1466 1429 Saevissimi
1488 1397 1639 1429 omnium
1655 1397 1827 1431 Thracum

1113 1448 1288 1481 Scordisci
1300 1447 1411 1487 fuere,
1426 1447 1487 1481 sed
1504 1448 1679 1481 calliditas
1690 1458 1827 1491 quoque

1115 1511 1155 1534 ac
1182 1500 1289 1533 robur
1316 1504 1525 1534 accesserat.
1577 1499 1760 1542 sylvarum
1789 1505 1828 1532 et

1113 1552 1283 1584 montium
1311 1551 1395 1584 situs
1419 1560 1497 1583 cum
1523 1551 1664 1592 ingenio
1685 1560 1828 1584 consen·

1113 1603 1260 1635 tiebant.
1302 1602 1428 1645 Itaque
1453 1611 1521 1635 non
1546 1601 1643 1634 fusus
1666 1601 1768 1635 modo
1783 1602 1827 1635 ab

1113 1654 1164 1685 his
1180 1657 1240 1686 aut
1251 1652 1393 1695 fugatus
1407 1663 1417 1693 ;
1440 1652 1500 1685 sed
1510 1652 1637 1695 (simile
1653 1652 1828 1695 prodigio)

1115 1704 1251 1739 omnino
1268 1709 1363 1738 totus
1394 1705 1611 1747 interceptus
1633 1704 1822 1745 exercitus,

1114 1766 1219 1798 quem
1246 1756 1397 1788 duxerat
1422 1755 1522 1789 Cato.
1567 1755 1694 1788 Didius
1723 1765 1827 1798 vagos

1114 1812 1152 1839 et
1176 1806 1290 1841 libera
1315 1807 1538 1849 populatione
1563 1805 1719 1849 diffusos,
1735 1807 1825 1840 intra

1113 1867 1209 1891 suam
1237 1858 1368 1899 repulit
1387 1858 1584 1891 Thraciam.
1631 1859 1765 1890 Drusus
1780 1859 1829 1890 ul-

1114 1910 1222 1942 terius
1237 1910 1322 1952 egit,
1347 1914 1384 1942 et
1400 1910 1523 1946 ‚vetnit
1545 1909 1694 1942 transire
1709 1910 1826 1942 Danu·

1113 1961 1220 1994 bium.
1249 1961 1425 1994 Minucius
1440 1965 1516 1994 toto
1533 1961 1681 1994 vastavit
1695 1961 1827 2004 Hebro,

1114 2014 1231 2046 multis
1243 2013 1384 2057 quidem
1410 2013 1556 2054 amissis,
1573 2013 1653 2046 dum
1669 2022 1732 2055 per
1748 2022 1827 2055 per-

1113 2064 1221 2097 fidum
1237 2065 1348 2107 glacie
1363 2064 1489 2097 flumen
1505 2064 1704 2107 equitatur)
1729 2064 1825 2098 Gens

1115 2116 1254 2158 originis
1277 2116 1424 2149 Gallicae
1450 2116 1546 2158 Epit.
1573 2117 1649 2149 Liv.
1665 2124 1772 2150 axin.
1788 2121 1826 2149 ct

1113 2168 1241 2202 Justin.
1257 2176 1368 2202 xxm.

1158 2219 1247 2251 CAP.
1271 2221 1304 2251 9.
1333 2219 1477 2260 Namque
1495 2218 1636 2261 Mucius]
1660 2220 1824 2252 Erratum

1113 2270 1196 2303 hoc:
1212 2269 1298 2302 illud
1311 2274 1420 2309 recte,
1433 2270 1521 2302 Nam
1534 2271 1578 2307 Q.
1587 2271 1725 2304 Mucius.
1749 2272 1825 2304 Ma-

1112 2325 1188 2354 nut.
1212 2321 1359 2363 Namque
1374 2321 1517 2363 Mucius]
1539 2322 1618 2354 Non
1630 2332 1765 2355 omnem
1792 2323 1825 2356 ei

1112 2372 1251 2405 laudem
1288 2371 1430 2404 dicendi
1468 2382 1587 2405 ornnes
1614 2373 1824 2410 detrahunt:

1112 2433 1215 2466 quem
1235 2423 1369 2456 Tullius
1395 2424 1535 2466 quidem
1558 2424 1594 2456 in
1614 2426 1724 2458 Bruto
1751 2426 1824 2468 ‘ju-

1111 2475 1349 2517 risperitorum
1376 2475 1713 2518 eloquentissimum'
1735 2478 1820 2510 satis

1111 2536 1214 2569 quam
1230 2525 1412 2567 magnifice
1428 2525 1619 2567 praedio-t:
1650 2531 1823 2560 oratorum

1112 2584 1228 2610 tamen
1259 2578 1293 2610 in
1311 2587 1453 2611 numero
1467 2587 1535 2611 non
1551 2578 1710 2611 collocat.
1751 2579 1822 2612 Sed

1113 2630 1196 2672 quid
1213 2631 1222 2647 ⁸
1236 2629 1375 2671 propria
1387 2629 1605 2672 eloquentia*
1618 2629 1677 2662 hic
1699 2632 1824 2663 sonat?

1113 2682 1218 2714 Forte
1243 2681 1358 2713 verius
1396 2679 1551 2721 legerim,
1570 2680 1659 2720 ῥανὶς
1681 2681 1822 2713 mentio.

1108 2741 1206 2774 prope
1219 2741 1314 2774 quam
1323 2730 1507 2773 eloquentie
1521 2731 1644 2764 nomine
1655 2731 1822 2765 celebrior.

1112 2783 1219 2815 Forte
1235 2782 1347 2824 posui,
1359 2791 1438 2814 nam
1453 2791 1543 2814 nunc
1553 2781 1626 2823 jam
1642 2782 1757 2824 video,
1771 2783 1822 2816 sic

1111 2843 1166 2866 me
1182 2843 1282 2876 posse
1294 2831 1537 2875 interpretari:
1559 2837 1598 2866 ut
1612 2833 1822 2876 eloquentia

1979 405 2002 499 m*
1975 222 2001 399 Quaqua
