2002 3250
848 327 1109 360 EPlSTOLA.
1695 317 1724 358 3

231 442 330 472 esse
370 428 448 471 illa
489 431 704 480 cerneret,
746 427 912 483 quibus
956 440 984 469 a
1023 426 1159 480 vulgo
1182 426 1317 468 facile
1355 426 1723 480 dignoscebaris3

227 497 448 553 ingenium
467 497 694 539 excellens
714 501 756 540 et
775 497 975 539 indolem
996 497 1191 551 regiam;
1222 496 1417 538 animum
1438 495 1542 537 item
1569 496 1724 550 gloriae

232 567 471 623 cupidum;
502 566 726 623 ejusmodi
759 568 932 621 generis
953 579 1006 608 ac
1027 570 1200 608 naturae
1224 565 1358 607 bonis
1381 569 1725 608 consentaneam

232 636 407 692 optavit
445 649 565 687 esse,
609 649 742 691 quam
783 635 1023 690 reciperes,
1060 634 1400 677 institutionem.
1465 633 1628 677 Voluit
1666 634 1726 678 ad

231 706 428 748 omnium
450 706 607 749 artium
628 705 778 748 studia
797 704 863 747 sic
882 704 1162 747 incumberes
1182 717 1308 759 puer,
1325 707 1375 747 ut
1394 704 1463 746 vir
1482 704 1592 748 inter
1611 704 1726 748 alios

231 773 468 829 Principes
507 787 596 816 non
636 774 785 816 minus
828 773 1064 825 doctrinae,
1109 786 1246 829 quam
1288 776 1536 815 ceterarum
1566 787 1725 826 rerum,

229 844 529 899 principatum
549 844 788 886 obtineres.
841 841 993 894 Quam
1021 854 1126 885 vero
1149 842 1323 896 egregie
1343 841 1486 896 Regis
1506 843 1726 887 voluntati

231 912 509 968 respondes!
560 912 708 955 Tanta
737 917 810 955 est
829 913 966 955 etiam
996 925 1113 954 nunc
1135 915 1213 954 tua
1242 925 1346 954 cum
1378 911 1611 964 industria,
1631 916 1727 956 tum

231 981 439 1024 celeritas
457 983 503 1024 in
523 981 753 1034 discendo,
783 985 833 1024 ut
850 984 1006 1038 quarto
1025 985 1069 1024 et
1097 981 1271 1023 decimo
1300 982 1398 1037 jam
1420 982 1570 1024 aetatis
1590 996 1725 1034 anno,

233 1062 322 1105 quo
342 1050 481 1093 ceteri
512 1050 646 1092 obvia
680 1064 874 1106 quaeque
907 1054 950 1092 et
982 1049 1247 1104 quotidiana
1274 1050 1355 1092 vix
1386 1054 1560 1103 norunt,
1581 1051 1729 1094 multi-

230 1117 341 1173 plici
361 1118 605 1165 eruditione
626 1122 830 1173 praestes.
866 1117 970 1169 Quo
992 1118 1142 1160 minus
1165 1117 1211 1160 in
1233 1117 1387 1161 Gallia
1407 1120 1544 1161 miror
1564 1120 1727 1162 artium

231 1187 483 1229 liberalium
505 1184 658 1229 studia
670 1188 841 1242 vigere3
864 1190 908 1228 et
927 1187 1011 1228 hoc
1032 1181 1168 1228 unum
1184 1186 1284 1241 jam
1303 1187 1487 1229 studere
1502 1187 1728 1231 Gallicam

233 1253 547 1306 Nobilitatem,
570 1258 617 1296 ut
649 1255 858 1309 exemplo
891 1258 969 1297 tuo
1002 1254 1168 1297 discat.
1231 1254 1293 1297 Ut
1313 1256 1432 1298 enim
1450 1257 1639 1311 quisque
1661 1259 1728 1300 Te

232 1325 437 1380 proxime
478 1323 683 1366 doctrina
704 1324 907 1377 attinget,
929 1323 993 1366 ita
1011 1327 1054 1365 et
1073 1323 1181 1366 Tibi
1202 1324 1505 1379 proculdubio
1527 1326 1729 1381 placebit

232 1393 429 1436 maxime
449 1391 739 1435 similitudine
760 1392 1007 1436 studiorum
1027 1395 1160 1447 atque
1180 1394 1477 1437 voluntatum.

293 1461 480 1505 Utinam
517 1464 662 1504 autem
705 1465 919 1517 quantum
959 1462 1047 1505 isto
1087 1465 1164 1504 tuo
1201 1461 1323 1504 facto
1362 1462 1499 1506 decus
1539 1466 1730 1509 attulisti

233 1531 387 1582 literis,
423 1535 592 1574 tantam
629 1544 697 1574 eae
727 1529 832 1573 Tibi
870 1530 1061 1584 gratiam
1096 1529 1330 1574 referrent!
1382 1531 1568 1585 Saltem,
1608 1536 1730 1590 quod

233 1604 421 1656 possunt
439 1614 591 1651 unum,
613 1599 813 1642 debitum
848 1611 877 1641 a
910 1612 959 1641 se
991 1598 1162 1641 cultum
1195 1602 1242 1642 et
1274 1599 1485 1642 honorem
1508 1606 1732 1658 perpetua

235 1668 304 1713 tui
336 1669 533 1711 nominis
565 1672 610 1711 et
643 1672 816 1710 tuarum
853 1681 998 1710 rerum
1030 1667 1415 1712 commendatione
1449 1672 1729 1726 persolvent:

233 1750 316 1780 nec
336 1751 533 1794 unquam
554 1737 675 1780 domi
691 1737 766 1781 vel
785 1737 958 1779 militiae
981 1738 1183 1779 suaviter
1202 1741 1279 1780 aut
1299 1737 1468 1781 fortiter
1484 1740 1729 1796 quicquam

236 1819 374 1861 gereS,
396 1806 521 1862 quod
542 1820 629 1849 non
649 1805 779 1849 avide
798 1805 950 1848 statim
971 1810 1207 1862 occupent.
1271 1805 1388 1858 Quae
1411 1808 1594 1863 quidem
1611 1822 1730 1854 nunc

236 1875 435 1928 laudent,
456 1877 502 1918 in
533 1875 601 1918 Te
635 1875 778 1918 multa
810 1878 940 1917 sunt:
970 1879 1128 1918 natura
1148 1875 1309 1919 docilis
1331 1880 1377 1919 et
1397 1877 1456 1919 ad
1478 1876 1531 1919 M
1534 1889 1732 1923 ONTAU-

239 1955 374 1986 sunu
397 1943 601 1999 fingentis
622 1944 854 1987 arbitrium
875 1948 1025 1987 tenera
1059 1949 1108 1987 et
1137 1944 1366 1998 flexibilis,
1393 1947 1552 2002 integri
1577 1962 1730 1993 mores

236 2016 283 2056 et
317 2013 550 2064 amabiles,
584 2012 853 2055 Christianae
888 2012 1075 2068 pietatis
1105 2027 1231 2057 amor
1263 2018 1311 2058 et
1341 2014 1502 2066 cultus,
1541 2015 1732 2074 denique

239 2081 456 2126 adversus
490 2095 646 2125 omnes
687 2095 861 2125 summa
898 2083 1090 2126 comitas
1130 2083 1463 2140 affabilitasque
1496 2088 1730 2131 sermonis,

240 2148 305 2193 At
333 2150 463 2206 longe
495 2150 685 2206 majora,
719 2164 822 2206 quae
855 2151 1102 2206 praedicent
1127 2152 1250 2204 olim,
1282 2166 1385 2196 cum
1418 2153 1486 2196 Te
1506 2155 1733 2208 virum,“et

239 2222 529 2275 paternorum
548 2219 826 2263 exercituum
845 2218 1079 2263 ductorem
1097 2221 1314 2266 maturior
1334 2225 1450 2267 aetas
1467 2223 1636 2279 fecerit,
1653 2238 1731 2268 ex·

240 2290 439 2342 pectant.

375 2459 515 2495 Luteciae
529 2460 732 2496 Pm'n‘orum
747 2470 811 2497 xv.
823 2462 905 2498 Kal.
916 2461 996 2506 Apr.
1013 2465 1121 2497 1675.Δ
