2008 3210
327 257 491 300 lxxxiv

371 369 560 412 ministrata)
582 370 616 409 ii,
631 373 674 403 6⁰
707 382 775 409 suo,
800 382 840 403 an
855 372 1043 416 Cleopatras,

373 414 537 445 victoriam
552 419 777 457 temperaturus
798 415 937 459 (usurus,
958 428 1044 449 exer-

374 456 508 500 citurus)
530 457 565 495 ii,
580 461 621 490 85
658 464 693 489 ut
707 458 801 490 vitam
833 465 887 491 aut
912 469 1042 492 mortem

371 501 470 532 hostis
491 511 577 533 nunc
596 501 640 533 ira
655 512 740 534 nunc
755 503 846 535 venia
858 508 1044 545 temperaret

371 544 612 588 (moderaretur,
627 546 832 578 constitueret
841 554 896 579 seu
911 549 952 579 de
967 549 1042 586 vita,

371 598 426 620 seu
443 589 483 620 de
498 589 613 630 morte)
633 589 667 627 ii,
685 592 748 622 119
776 591 958 632 gravitatem
983 593 1042 623 hu—

371 632 523 664 manitate
538 637 714 674 temperans
727 633 905 677 (mitigans)
927 635 961 672 ii,
979 638 1042 668 116

371 676 500 707 modum
531 676 684 707 honorum
714 679 897 719 temperavit
925 678 1043 721 (finivit

372 718 532 761 modeste)
557 719 591 757 ii,
606 723 670 752 122
701 730 741 751 ne
754 721 793 752 ab
807 721 901 763 hujus
914 722 1041 763 quidem

372 773 467 794 usura
495 763 601 805 gloriae
641 765 829 805 temperavit
856 765 1041 807 (abstinuit)

373 807 512 837 animum
534 806 567 845 ii,
584 810 626 839 34
658 817 782 848 nequeo
797 812 969 850 temperare
984 810 1042 840 mi-

371 850 417 887 hi,
434 850 510 891 quin
524 854 585 881 cet.
609 851 630 888 i,
647 853 690 882 16
710 851 766 893 (cf.
781 851 815 889 ii,
832 851 911 895 107)

328 894 589 935 Temperameuto
615 904 685 925 cum
719 901 838 936 quanto
881 895 1041 938 (modera-

374 936 476 980 tione)
489 937 581 968 simul
596 937 739 969 utilitatis
753 937 815 957 *Μ’
838 938 871 976 ii,
888 942 949 971 111
973 941 1041 972 ani-

372 981 417 1011 mi
430 985 708 1022 temperamentum
732 986 794 1014 cet.
818 981 852 1019 ii,
869 985 932 1015 130

328 1023 543 1066 Temperatior
555 1023 759 1068 (modestior)
778 1036 841 1057 non
857 1031 922 1057 erat
938 1026 1041 1059 Cinna

373 1068 478 1099 Mario
499 1067 535 1105 ii,
550 1071 592 1100 20
616 1078 715 1100 mores
730 1069 834 1110 vigore
858 1079 894 1102 ac
912 1070 1041 1103 lenitate

373 1111 624 1153 temperatissimi
636 1112 756 1155 (mixti)
778 1112 810 1150 ii,
824 1115 867 1145 98

327 1154 559 1197 Tempestatem
588 1155 776 1198 (periculum
808 1167 826 1187 a
863 1156 1042 1189 Triumviris

373 1198 556 1240 imminens)
582 1199 739 1231 exitialem
769 1199 926 1242 fugientes
948 1201 982 1239 ii,
997 1204 1041 1234 72

374 1246 544 1284 tempestas
580 1242 665 1274 foeda
693 1243 793 1281 dictu,
830 1244 1041 1287 memoriaque

371 1286 526 1317 horrenda
539 1285 573 1316 in
582 1285 718 1329 Augusti
729 1287 822 1318 domo
833 1288 1041 1329 (perturbatio

372 1330 484 1361 domus
498 1329 636 1372 Augusti
659 1341 698 1361 ex
718 1330 848 1362 libidine
864 1331 935 1362 filiae
953 1331 1040 1364 coet-

375 1372 496 1415 cenda)
518 1373 622 1417 erupit
643 1374 678 1412 ii,
696 1376 758 1406 100
793 1385 832 1406 ea
855 1379 1040 1417 tempestate

373 1416 407 1453 ii,
422 1419 466 1449 78

327 1458 492 1502 Templum
507 1459 666 1503 Apollinis
686 1472 720 1494 se
733 1461 886 1494 facturum
900 1462 1042 1504 promisit

371 1503 463 1541 ii,‘81

328 1545 466 1588 Tempus
495 1547 667 1580 rebellandi
692 1547 906 1591 (rebellionis)
938 1548 972 1586 ii,
996 1552 1038 1582 23

371 1591 483 1622 excisae
509 1590 691 1623 Numantiae
727 1592 761 1628 ii,
777 1596 796 1624 5
833 1592 894 1623 hoc
915 1597 1039 1634 tempus

371 1644 422 1665 me
450 1634 527 1666 fecit
554 1635 668 1666 Tiberii
695 1634 825 1666 militem
863 1635 896 1672 ii,
914 1638 976 1668 104
999 1646 1038 1668 eo

369 1681 510 1719 tempore
526 1678 560 1716 ii,
576 1681 619 1710 79
631 1678 688 1721 (cf.
704 1678 776 1715 Per,
787 1678 863 1716 Sub,
874 1679 1039 1721 Circa).—

372 1725 547 1762 temporum
578 1722 689 1753 eodem
715 1726 816 1754 tractu
838 1722 872 1759 ii,
888 1725 909 1754 9
946 1723 1041 1765 hujus

372 1765 520 1806 temporis
529 1765 654 1797 fortuna
675 1765 708 1802 ii,
724 1768 767 1798 67
811 1766 957 1808 ancipitis
978 1766 1041 1798 for-

371 1812 450 1839 tuna
476 1809 623 1850 temporis
646 1809 679 1846 ii,
696 1812 739 1841 79
771 1810 918 1851 temporis
932 1811 985 1853 (ex
1001 1822 1040 1842 eo

353 1850 527 1894 tempore)
553 1853 705 1894 aegritudo
738 1852 772 1890 ii,
789 1856 853 1885 130
890 1853 1040 1895 loquendi

372 1905 478 1926 seeum
491 1900 615 1938 tempus
626 1896 715 1928 dedit
736 1895 771 1933 ii,
782 1899 825 1929 60
848 1897 1039 1938 temporibus

355 1938 433 1969 >illis
458 1938 565 1981 (rebus
590 1940 711 1970 illorum
738 1940 931 1983 temporum)
956 1942 1040 1983 quis-

372 1982 444 2024 quis
455 1982 596 2014 interfuit
617 1984 651 2021 ii,
669 1986 731 2016 114
762 1983 813 2015 Sic
829 1995 836 2014 z
853 1983 950 2016 Iliaca
963 1989 1040 2016 tem-

370 2036 451 2068 pora
480 2031 705 2069 componentes
741 2027 764 2065 i,
779 2030 798 2059 3
837 2028 983 2069 praesenti
1005 2039 1038 2060 se

370 2070 520 2102 subduxit
534 2071 665 2112 tempori
681 2071 754 2114 (scl.
770 2070 828 2102 sibi
851 2071 977 2113 iniquo)
1004 2073 1039 2109 ii,

369 2116 413 2146 93
436 2115 627 2156 temporibus
641 2113 860 2158 (opportunis)
874 2115 1039 2147 insidiatus

370 2162 418 2188 est
439 2158 474 2196 ii,
485 2161 525 2190 21
550 2158 607 2201 (cf.
622 2157 799 2200 Speculari)

326 2199 435 2232 Tenax
450 2201 657 2234 amicitiarum
679 2202 713 2240 ii,
726 2205 769 2234 29
791 2202 838 2233 sui
854 2202 989 2244 exempli
1003 2202 1037 2241 ii,

325 2288 468 2320 Tendere
484 2288 673 2332 (proficisci)
709 2289 743 2327 ii,
758 2292 811 2321 20.
830 2291 892 2322 115
926 2300 1038 2331 agmen

371 2342 461 2363 cursu
478 2333 517 2364 ad
533 2342 606 2363 eum
628 2333 826 2364 tendentium
853 2335 1039 2376 (properan-

370 2374 467 2417 tium)
489 2376 523 2414 ii,
539 2379 583 2408 70

326 2418 451 2451 Tenens
466 2418 593 2463 (manu)
617 2419 759 2463 thyrsum
781 2419 815 2457 ii,
833 2422 875 2452 82
908 2424 944 2450 ut
955 2420 1038 2462 prin-

289 2468 291 2471 ’
370 2462 509 2505 cipatum
522 2463 613 2494 armis
627 2463 792 2505 quaesitum
808 2463 898 2494 armis
921 2463 1038 2506 (firma-

370 2506 456 2549 tum)
485 2511 605 2539 teneret
639 2507 674 2544 ii,
699 2510 741 2539 57
774 2507 859 2538 domi
881 2517 914 2538 se
937 2507 1038 2539 tenuit

369 2550 559 2594 (continuit)
593 2551 627 2587 ii,
642 2554 685 2583 44
723 2561 795 2582 cum
817 2550 902 2592 regio
930 2551 1038 2582 castris

367 2594 514 2636 Pompeii
543 2593 732 2638 (occupata)
753 2599 907 2625 teneretur
935 2594 970 2631 ii,
993 2597 1034 2626 51

370 2637 421 2670 Sic
443 2638 477 2676 ii,
495 2641 569 2671 107.
600 2648 671 2669 cum
697 2638 737 2669 ab
759 2637 894 2669 inimicis
921 2636 1036 2680 (capti,

371 2682 528 2723 oppressi)
559 2686 748 2719 tenerentur,
774 2681 1038 2723 oppugnabantur

371 2726 412 2756 ab
430 2725 537 2757 amicis
558 2725 593 2763 ii,
603 2728 646 2758 23
671 2730 705 2756 ut
719 2735 812 2767 quem
828 2725 1037 2767 principatum

370 2768 453 2799 solus
468 2769 591 2812 assequi
605 2779 669 2800 non
695 2773 829 2811 poterat,
853 2768 1037 2800 auctoritate

371 2810 528 2852 Pompeii,
566 2813 680 2844 viribus
706 2817 827 2844 teneret
851 2811 1038 2856 (obtineret)

371 2853 502 2891 Gaesaris
523 2855 557 2893 ii,
571 2859 614 2888 44
975 2871 977 2873 ’

314 2898 608 2931 ·Τεῐήᾶι·εῑᾱυὶ)ἰειῐι·ι
636 2909 722 2941 spem
749 2909 901 2931 armorum
933 2899 1037 2943 (spem

1002 271 1165 304 INDEX

1137 373 1246 406 salutis
1260 384 1297 406 ex
1323 373 1405 406 bello
1419 374 1509 406 dubii
1523 380 1654 407 eventus
1676 375 1807 419 capere)

1138 416 1172 454 ii,
1186 420 1227 450 71
1252 422 1371 449 tentata
1392 417 1490 449 hostis
1503 416 1715 450 misericordia
1729 419 1820 462 (sci.⁴

1137 460 1260 492 veniam
1272 462 1445 503 precando)
1466 461 1501 499 ii,
1517 465 1557 495 71
1584 467 1619 494 ut
1629 467 1747 504 partem
1757 462 1804 494 di-

1136 503 1344 546 gredientium
1381 506 1486 537 hostes
1519 505 1656 537 universi
1684 510 1802 538 tentare

1137 548 1299 590 (aggredi)
1314 558 1378 580 non
1395 554 1523 590 possent
1543 549 1578 587 ii,
1596 552 1658 582 118
1682 554 1803 582 tentare

1136 590 1282 634 (adoriri)
1304 591 1434 634 'insidiis
1455 592 1487 630 ii,
1515 595 1557 625 54
1571 604 1580 611 ·
1595 592 1667 624 Sic:
1694 593 1803 625 fraude

1135 639 1256 666 tentato
1271 636 1407 667 exercitu
1429 635 1464 672 ii,
1480 638 1542 668 107
1565 641 1702 668 tentatus
1717 637 1804 679 (cora

1136 677 1260 721 reptus)
1275 678 1455 710 valetudine
1469 678 1647 720 gravissima
1667 679 1701 718 ii,
1715 683 1760 712 48

1092 720 1232 752 Tenuem
1247 722 1445 765 (angustum)
1463 721 1496 753 in
1510 723 1662 754 tramitem
1677 728 1802 766 recepta

1135 766 1279 807 exempla
1301 766 1334 803 ii,
1350 769 1369 798 3
1717 777 1725 787 '⁹

1093 818 1112 838 a
1139 808 1240 851 Tergo
1256 813 1291 853 (a
1307 808 1452 851 meridie)
1464 809 1585 841 sedium
1608 819 1733 842 suarum
1767 810 1802 850 ii,

1091 893 1271 927 Tei-minant
1294 895 1388 927 finem
1402 895 1504 927 Italiae
1519 895 1649 938 Alpium
1659 895 1739 939 juga
1769 897 1804 935 ii,

1137 942 1200 971 109
1224 939 1293 970 finis
1308 940 1429 981 imperii
1444 939 1625 971 terminatus
1639 939 1803 983 (pactione

1136 981 1340 1025 constitutus)
1353 982 1503 1014 Armenia
1524 983 1557 1020 ii,
1573 986 1614 1015 3⁷
1652 984 1738 1025 quod
1752 994 1802 1015 so-

1137 1025 1192 1057 lita
1213 1026 1302 1057 armis
1318 1027 1457 1064 decerni,
1479 1026 1551 1067 jure
1567 1026 1803 1060 terminarentur

1137 1068 1384 1112 (dirimerentur)
1408 1069 1442 1107 ii,
1460 1072 1524 1102 118
1726 1086 1728 1089 ·
1747 1087 1749 1089 ¹

1092 1112 1266 1150 Terminus,
1290 1114 1323 1144 in
1346 1113 1599 1155 concupiscenda
1626 1113 1723 1156 gloria
1737 1123 1801 1144 non

1136 1157 1281 1198 capiebat
1301 1157 1470 1236 {erminum
1500 1156 1661 1200 (modum)
1697 1156 1731 1195 ii,
1758 1159 1802 1189 46

1152 1200 1193 1231 cf.
1207 1199 1242 1237 ii,
1257 1203 1299 1233 52
1749 1214 1751 1216 ’

1091 1199 1199 1275 Teiret
1221 1243 1273 1287 (ac
1294 1241 1413 1286 quatit)
1438 1243 1514 1275 belli
1542 1248 1643 1275 metus
1666 1242 1804 1285 Augusti

1134 1286 1271 1318 animum
1298 1288 1330 1325 ii,
1348 1291 1412 1320 110
1746 1298 1749 1307 ⁴

1091 1329 1226 1362 Terror-is
1242 1331 1346 1373 magni
1360 1330 1476 1362 bellum
1499 1330 1533 1368 ii,
1549 1333 1614 1363 129
1635 1330 1803 1372 provinciae

1136 1374 1198 1405 illae
1214 1380 1327 1406 terrore
1349 1374 1539 1406 Numantini
1565 1373 1803 1416 bellipopuiurn

1134 1417 1177 1451 R.
1189 1423 1414 1450 concusserunt
1434 1418 1468 1456 ii,
1477 1421 1520 1450 90
1543 1418 1591 1448 bis
1601 1417 1697 1448 excisi
1706 1422 1803 1448 terro-

1135 1471 1182 1493 res
1197 1461 1274 1503 reip.
1289 1462 1463 1505 (Carthago
1478 1466 1512 1492 et
1526 1459 1716 1503 Numantia)
1731 1460 1766 1498 ii,
1780 1463 1802 1492 4

1090 1504 1323 1537 Testamentum
1347 1503 1478 1538 Caesaris
1496 1509 1637 1545 apertum
1652 1509 1711 1541 est,
1737 1513 1802 1546 quo

1136 1547 1174 1580 C.
1209 1548 1375 1580 Octavium
1405 1548 1580 1590 adoptabat
1614 1547 1650 1584 ii,
1675 1550 1720 1580 59
1755 1547 1803 1578 fa-

1133 1591 1251 1624 cientes
1265 1594 1299 1623 in
1314 1592 1476 1633 procinctu
1492 1595 1679 1622 testamenta
1699 1591 1768 1628 ii,<5

1089 1634 1235 1666 Testatur
1272 1635 1433 1678 inscriptio
1475 1634 1661 1676 templi—et
1695 1633 1804 1666 tabula

1133 1689 1212 1711 aerea
1225 1679 1259 1716 ii,
1275 1682 1316 1711 25
1332 1679 1492 1711 Hesiodus
1501 1677 1632 1720 patriam
1644 1682 1678 1709 et
1690 1688 1804 1720 paren-

1137 1727 1183 1753 tes
1209 1727 1340 1755 testatus
1361 1729 1410 1754 est
1432 1720 1639 1765 (nominavit)
1659 1720 1682 1759 i,
1697 1725 1718 1754 7
1751 1721 1802 1764 ip-

1135 1766 1198 1797 sius
1222 1767 1317 1808 patris
1332 1765 1400 1808 ejus
1416 1765 1801 1808 praedicatione-testatum

1135 1814 1183 1841 est
1197 1808 1421 1852 (declaratum)
1449 1809 1483 1847 ii,
1499 1812 1562 1841 115
1586 1808 1646 1851 (cf.
1661 1808 1695 1846 ii,
1709 1807 1802 1851 116).

1135 1853 1239 1884 testati
1254 1853 1366 1885 edictis
1387 1852 1422 1891 ii,
1434 1855 1477 1885 62
1505 1857 1542 1884 ut
1555 1856 1801 1884 testaretur-esse

1134 1896 1194 1928 sibi
1206 1896 1420 1934 miserrimum,
1435 1896 1522 1938 quod
1531 1900 1593 1927 cet.
1606 1927 1609 1930 Α
1621 1895 1654 1933 ii,
1669 1897 1712 1928 68
1745 1909 1749 1914 ·

1089 1940 1314 1971 Testimonium
1330 1939 1537 1971 honorificum
1551 1939 1686 1971 civitatis
1705 1938 1742 1977 ii,
1757 1940 1801 1971 82

1133 1984 1339 2027 (Simpliciter
1368 1994 1423 2026 pro
1449 1982 1522 2026 tali)
1550 1982 1584 2020 ii,
1617 1985 1650 2015 2.
1673 1984 1728 2015 32.
1756 1985 1802 2014 ’16

1131 2028 1214 2069 (ubi,
1226 2027 1369 2058 fraudare
1391 2026 1527 2068 aliquem
1547 2024 1744 2068 testimonio)
1766 2025 1802 2063 ii,

1134 2074 1197 2103 120
1213 2071 1349 2108 victoriae
1360 2070 1571 2102 testimonium
1581 2069 1614 2101 in
1624 2078 1800 2111 cognomen

1132 2114 1188 2145 filii
1210 2115 1344 2146 contulit
1367 2114 1571 2157 (cognomen,
1594 2113 1680 2155 quod
1701 2112 1801 2144 victo·

1131 2158 1207 2188 riam
1222 2159 1263 2190 de
1278 2157 1411 2189 Gaetulis
1428 2158 1608 2195 testabatur,
1622 2156 1688 2188 filio
1702 2156 1801 2187 haere-

1132 2201 1276 2232 ditarium
1291 2200 1434 2244 reliquit)
1457 2201 1491 2238 ii,
1508 2203 1572 2233 116

1086 2244 1258 2276 Theatralis
1300 2245 1413 2276 seditio
1475 2248 1602 2286 propter
1636 2242 1800 2274 histriones

1131 2287 1233 2332 facta)
1254 2288 1289 2325 ii,
1306 2291 1369 2320 126
1409 2288 1450 2319 cf.
1488 2292 1595 2318 ueton.
1608 2285 1680 2318 Tib.
1695 2284 1756 2328 37)

1086 2332 1208 2364 Timere
1229 2332 1366 2363 debebat
1417 2331 1524 2362 laneus
1539 2340 1699 2361 censorem
1713 2329 1799 2372 (mu-

1130 2386 1188 2406 nus
1203 2375 1339 2407 censoris
1349 2372 1586 2416 exequendum)
1607 2373 1642 2411 ii,
1657 2375 1699 2405 95
1721 2372 1800 2403 mori

1130 2429 1163 2450 se
1172 2429 1265 2460 quam
1281 2418 1388 2450 timere
1402 2417 1506 2454 malle,
1523 2417 1628 2450 Caesar
1641 2416 1687 2447 ait
1707 2416 1741 2454 ii,
1757 2418 1799 2448 57

1086 2462 1218 2493 Timoris
1234 2462 1378 2504 perpetui
1394 2472 1440 2493 res
1455 2461 1597 2492 delectus
1618 2460 1653 2498 ii,
1669 2462 1734 2492 130

1086 2505 1209 2537 Titulus
1234 2506 1305 2546 (scl.
1331 2503 1543 2547 proconsulis)
1573 2503 1742 2546 provinciae
1763 2501 1799 2540 ii,

1129 2551 1174 2581 49
1196 2550 1249 2591 qui
1276 2549 1369 2580 titulo
1393 2548 1515 2590 imperii
1528 2547 1575 2590 (h.
1589 2557 1618 2579 e.
1633 2547 1799 2588 imperato-

1129 2591 1187 2634 ris)
1211 2593 1344 2624 cedebat
1365 2592 1490 2634 Lepido
1511 2591 1546 2629 ii,
1560 2593 1603 2623 63
1626 2590 1684 2621 sub
1698 2590 1798 2621 hono·

1129 2636 1355 2668 rificentissimo
1377 2634 1538 2667 ministerii
1553 2633 1644 2665 titulo
1659 2631 1799 2718 (specie)

1128 2680 1164 2717 ii,
1178 2683 1221 2712 45
1244 2679 1303 2722 (cf.
1325 2679 1361 2716 ii,
1375 2678 1447 2721 93).
1458 2677 1598 2720 gentium
1612 2676 1778 2720 (victarum

1130 2723 1228 2754 titulis
1251 2722 1373 2766 (earum
1397 2721 1587 2758 nominibus,
1609 2719 1718 2751 statuis
1741 2719 1799 2749 du·
1844 2736 1849 2741 ‚

1129 2776 1200 2798 cum
1225 2765 1399 2808 inscriptis)
1420 2765 1521 2797 forum
1534 2763 1671 2806 Augusti
1685 2761 1797 2804 praeni·

1130 2815 1177 2841 tet
1197 2809 1232 2847 ii,
1248 2812 1291 2842 39
1312 2809 1516 2852 (cf.·Sueton.
1530 2807 1616 2848 Aug.
1630 2805 1689 2845 81)

1085 2853 1204 2895 Togam
1218 2853 1337 2884 virilem
1350 2863 1421 2884 cum
1434 2851 1592 2883 sumsisset
1612 2849 1644 2886 ii,
1657 2851 1701 2881 99
1722 2853 1798 2891 toga

1130 2897 1221 2940 (opp.
1236 2895 1375 2938 bello)ii,
1391 2898 1433 2928 29
1449 2894 1543 2937 (opp.
1554 2892 1679 2935 castris)
1690 2892 1722 2929 ii,
1732 2894 1794 2925 126
