2008 3210
319 259 407 305 380

318 365 560 410 hie’originem
571 363 681 406 vides,
694 367 730 398 et
742 363 894 397 nondum
907 362 1029 397 tritum

319 418 357 452 id
372 417 456 450 satis
484 415 591 449 fuisse
616 416 683 449 hoc
706 414 915 458 significatu.
960 414 1032 448 Cur

313 470 412 503 enim
435 468 519 500 alias
544 466 713 500 excuset?
759 465 862 500 Quod
890 464 1030 508 quidam

315 523 426 562 patres
439 519 570 561 legunt,
585 527 724 560 sperno.
770 516 848 549 Nec
863 516 954 549 enirn
966 515 1029 548 mi·

318 570 403 602 litiae
420 574 480 602 aut
502 574 705 609 castrorum,
728 566 789 599 sed
820 566 935 600 Curiae
962 565 1028 599 hoc

315 621 474 654 verbum.
518 621 608 653 Vide
624 619 732 651 etiam
747 628 789 652 an
806 628 877 651 uon
899 618 1028 661 aptius,

317 672 452 705 militari
463 672 554 705 verbo
565 682 606 705 ex
616 671 838 703 consuetudine
848 674 934 703 utar.
958 671 1026 712 Ex,

315 725 467 767 inquam,
494 733 557 766 pro
572 726 616 764 et,
641 723 778 765 copula.
823 723 912 757 Quae
936 723 1026 756 enim

315 776 371 808 hic
388 774 601 807 consuetudo
615 774 780 817 proprie?
796 774 947 817 quinimo
962 774 1026 808 hoc

315 826 447 858 dictum
463 825 583 868 voluit,
609 826 662 858 uti
687 835 724 858 se
740 825 844 858 verbo
859 825 999 858 militari
1015 837 1024 867 ς

316 877 421 920 idque
447 887 491 909 ex
517 876 778 917 consuetudine,
801 880 839 909 et
862 876 944 919 quia
966 877 1026 909 diu

304 929 425 962 miles.
445 928 583 971 Lipsius.

357 979 565 1021 Dimitteret]
607 980 743 1022 Lipsius
774 979 1025 1020 arbitrabatur,

313 1031 463 1064 militare
492 1031 575 1063 illud
608 1030 752 1063 verbum
782 1040 870 1070 esse,
904 1035 1025 1072 partes.

313 1083 442 1126 Itaque
470 1082 691 1122 emendabat,
734 1092 827 1124 quam
856 1085 891 1114 ut
921 1092 1025 1114 omnes

311 1139 428 1177 partes,
442 1136 495 1177 &a
531 1135 654 1167 Potius
671 1134 819 1166 militare
832 1134 866 1166 id
881 1134 1024 1166 verbum

311 1196 390 1219 esse
406 1195 541 1228 censeo,
555 1186 742 1218 dimitteret.
777 1186 942 1228 Virgilius
956 1195 1023 1219 xu.

310 1237 411 1270 ardui
440 1237 578 1279 operis:
613 1237 893 1280 ‘Juturnamque
923 1241 1025 1279 parat

310 1288 426 1322 fratris
441 1288 619 1322 dimittere
635 1288 679 1320 ab
697 1288 823 1321 armis?
862 1288 931 1321 Ubi
947 1289 1023 1321 Ser-

312 1339 387 1373 vius
402 1350 411 1372 2
437 1340 448 1357 ‘
460 1340 532 1372 Per
546 1340 732 1371 transitum
745 1338 755 1353 '
770 1339 918 1383 (inquit)
934 1343 942 1359 ‘
957 1340 1024 1372 his·

313 1389 413 1422 toriae
429 1400 510 1422 usus
537 1394 592 1422 est
614 1390 743 1423 verbis.
788 1391 877 1423 Nam
895 1391 952 1434 qui
978 1391 1022 1424 ab

310 1442 467 1475 exercitu
484 1443 696 1484 relaxantur,
723 1443 766 1475 ab
782 1442 886 1475 armis
902 1443 1022 1475 dicun-

311 1498 369 1526 tur
384 1493 523 1526 dimitti.
569 1494 748 1526 Sallustius
761 1493 805 1525 de
823 1493 951 1536 Appio,
963 1493 1023 1527 ubi

310 1553 390 1576 eum
418 1544 524 1577 Cotta
551 1545 586 1576 in
612 1544 780 1577 concione
803 1544 847 1576 ab
864 1545 1022 1577 exercitu

309 1595 406 1637 cogit
422 1594 623 1637 abscedere,
649 1595 737 1628 dicit
759 1605 796 1628 se
823 1595 900 1637 ejus
916 1606 1022 1638 opera

298 1655 378 1680 *non
391 1657 543 1689 usurum,
558 1657 706 1689 eumque
723 1648 767 1681 ab
788 1649 891 1680 armis
907 1647 1021 1681 dimit·

310 1697 380 1731 tit!
423 1698 464 1731 In
482 1699 610 1732 Velleii
625 1709 705 1731 vero
722 1700 850 1741 verbis,
860 1704 909 1740 ut,
922 1700 1022 1732 intel-

300 1748 410 1792 liges,
425 1759 493 1786 non
509 1760 666 1792 repones.
689 1751 774 1783 Voss.
819 1751 1023 1794 Dimittes-et]

307 1800 435 1833 Sensus
451 1800 578 1834 fuerit:
592 1801 688 1834 Nihil
705 1801 799 1843 prius
815 1802 936 1834 habuit
948 1802 1022 1834 Cae-

308 1861 376 1895 sar,
391 1857 578 1894 postquam
594 1852 628 1884 in
647 1862 708 1884 sua
722 1862 824 1884 manu
840 1852 1022 1885 victoriam

307 1902 496 1944 intellexit,
517 1912 618 1945 quam
644 1907 684 1935 ut
710 1913 845 1935 omnem
875 1903 1021 1935 inimici-

307 1953 407 1995 tiam,
421 1954 640 1997 partiumque
653 1954 768 1986 odium
781 1964 825 1987 ex
837 1955 951 1987 animo
963 1954 1021 1987 ab·

300 2004 456 2047 jiceret3
484 2015 597 2048 neque
621 2006 699 2047 jam
714 2006 957 2049 Pompeianos,
981 2012 1020 2041 ut

307 2057 424 2091 hostes
439 2057 521 2100 suis,
546 2067 659 2100 neque
676 2067 768 2100 suos,
783 2063 822 2090 ut
837 2057 1020 2100 Pompeia-

305 2107 361 2139 nis
376 2105 507 2149 ho'stes,
521 2107 582 2140 sed
599 2111 764 2150 utrosque
781 2111 819 2139 ut
835 2107 928 2140 cives
940 2118 1019 2141 con-

306 2157 497 2199 siderabat,
509 2157 664 2201 adeoque
677 2158 785 2191 veluti
801 2158 902 2192 simul
915 2164 952 2193 et
966 2169 1018 2193 se-

305 2209 388 2251 mel,
403 2213 568 2252 tanquam
585 2208 732 2242 dimissis
749 2220 770 2243 a
795 2210 899 2252 bello,
914 2210 1017 2245 finem

306 2259 379 2292 odii
405 2270 576 2303 noxaeque
602 2261 785 2294 indiceret.
839 2261 1018 2295 Alluditur

303 2308 350 2344 a'd
365 2311 515 2358 Caesaris
532 2322 671 2345 vocem:
696 2314 706 2331 ‘
719 2313 823 2345 Miles
848 2323 953 2355 parce
969 2313 1017 2346 ci-

304 2361 429 2396 vibus.'
474 2363 579 2405 Ecce,
590 2373 658 2395 non
674 2367 712 2396 ut
725 2368 840 2406 partes
853 2363 1015 2397 adversas

304 2414 460 2447 nominat
490 2414 733 2456 Pompeianos,
762 2423 876 2457 neque
905 2423 940 2446 se
974 2418 1014 2447 ut

296 2464 452 2497 diversae
480 2465 591 2506 partis
617 2463 825 2506 considerat,
850 2463 911 2496 sed
934 2463 1014 2496 civis

303 2516 425 2549 civibus
439 2516 514 2548 vult
529 2515 639 2557 parci.
662 2515 804 2559 Boecler.

294 2594 296 2597 .
349 2567 442 2608 Erga
470 2565 626 2607 Brutum]
663 2566 776 2598 Etiam
804 2566 1013 2600 Plutarchus

303 2617 340 2649 in
355 2617 443 2656 Caes.
465 2620 502 2649 et
529 2616 601 2649 Dio
627 2614 695 2648 fine
711 2624 788 2648 xm.
825 2616 951 2649 Statim
977 2617 1013 2649 in

302 2667 597 2709 comparationem
634 2666 907 2709 ingratitudinis,
945 2678 1013 2712 qua

298 2722 424 2760 ,postea
438 2719 567 2751 Brutus
578 2718 721 2751 violavit
736 2722 1013 2752 conservatorem

301 2780 416 2812 suum,
442 2771 651 2804 sententiam
681 2771 786 2804 acuit.
839 2771 1014 2804 Timuerat

305 2821 425 2858 Oaesar
440 2821 565 2864 Bruto,
589 2832 668 2854 cum
682 2832 752 2854 non
774 2826 1015 2865 compareret:

301 2872 502 2917 salumque
525 2876 651 2915 postea
689 2874 826 2917 gavisus
863 2874 1013 2918 benigne

628 268 777 301 NOTAE'
805 266 1076 300 VARIORUM
1109 265 1162 298 IN
1195 264 1485 299 PATERGULI

1081 365 1282 405 exceperat.
1304 362 1405 396 Idem.
1729 373 1733 388 ι

1126 415 1215 448 Cu.
1231 417 1273 447 68
1298 415 1387 452 Quos
1408 412 1550 455 condies]
1581 412 1798 456 Vulgum-m

1078 465 1213 499 victores
1226 467 1340 498 darent
1350 467 1489 499 comites.
1552 465 1640 502 Quor
1649 463 1797 506 conius}

1079 517 1158 550 Hoc
1171 517 1333 560 equidem
1342 520 1381 549 ut
1398 526 1490 549 nunc
1506 516 1646 558 legitur,
1661 516 1796 549 tamin-

1079 568 1210 610 telligo,
1220 577 1320 611 quam
1330 568 1469 599 sinatus
1478 576 1663 610 numquam
1673 575 1795 600 estem.

1079 619 1180 653 Quod
1196 619 1223 651 si
1235 620 1305 651 sic:
1331 619 1430 658 Quos,
1446 619 1568 651 victore
1591 619 1730 660 Casan,-
1742 628 1795 651 co-

1077 671 1169 703 mites
1196 671 1226 703 ei
1249 670 1383 712 fortuna
1412 672 1666 712 agg-regaverat
1705 669 1792 702 nibil

1077 723 1145 755 erit
1174 723 1338 764 apertius.
1396 721 1523 754 Audax
1558 721 1793 763 conjectat-az

1077 771 1190 805 fateor
1203 784 1211 805 :
1237 773 1416 815 aliquanto
1430 776 1546 804 tamen
1557 781 1677 804 eorum
1688 771 1795 804 anda-

1077 824 1162 866 cior,
1201 825 1258 867 qui
1289 824 1387 864 illud,
1410 824 1544 856 victores
1577 823 1703 864 darent,
1731 822 1795 856 de-

1075 876 1160 909 lent.
1185 876 1314 909 Manat.
1360 877 1448 913 Quos
1472 874 1621 917 victores]
1644 874 1687 907 In
1713 874 1791 908 alii·

1076 928 1174 960 libris
1191 928 1268 960 duae
1295 928 1372 960 ista²
1398 936 1510 968 voces,
1523 927 1656 959 victores
1668 927 1796 970 dmm,

1076 989 1143 1011 non
1159 980 1402 1022 reperiuntur:
1426 983 1464 1011 et
1489 983 1595 1020 recte,
1610 981 1650 1010 ut
1673 981 1793 1011 censet

1077 1030 1237 1071 Lipsius:
1262 1030 1424 1072 repetitae
1447 1029 1537 1061 enim
1561 1032 1641 1065 sunt
1655 1038 1675 1061 e
1689 1036 1792 1072 supe·

1076 1081 1224 1113 rioribus
1251 1081 1363 1114 lineis.
1414 1080 1538 1121 Aldus,
1562 1089 1639 1122 quos
1658 1079 1792 1112 -vvt‘ctore

1078 1133 1216 1172 Caesare,
1242 1132 1383 1173 comites,
1409 1133 1462 1173 sse.
1523 1132 1611 1168 Quos
1639 1130 1787 1174 comitet]

1075 1184 1237 1217 Audaces
1262 1185 1336 1217 viro
1363 1185 1481 1226 docto,
1496 1184 1554 1226 qui
1569 1183 1677 1215 verba
1690 1183 1790 1216 nicto·

1081 1245 1133 1268 res
1154 1237 1268 1267 darent
1291 1235 1425 1275 delent,
1449 1234 1508 1266 ille
1533 1233 1630 1273 mihi,
1653 1233 1712 1277 qui
1735 1242 1790 1267 re-

1075 1286 1189 1328 cepit:
1227 1285 1381 1328 repetita
1409 1294 1558 1328 namque
1584 1294 1629 1317 ex
1655 1293 1790 1326 praece-

1075 1338 1181 1370 dente
1197 1347 1310 1378 versu,
1320 1337 1498 1377 victorjam
1509 1338 1612 1369 daret.
1637 1334 1788 1378 Schegk.

1116 1389 1202 1422 Aliis
1223 1393 1259 1421 ut
1277 1388 1430 1430 Parthos]
1453 1390 1511 1421 De
1527 1387 1666 1421 Parthis
1680 1387 1789 1421 etiam

1074 1439 1267 1482 Appianas.
1311 1440 1382 1472 Sed
1408 1439 1538 1473 refutat
1561 1448 1636 1472 eam
1651 1444 1790 1473 senten·

1074 1491 1156 1522 tiam
1174 1490 1243 1522 Dio
1260 1490 1430 1532 principio
1443 1490 1500 1522 lib.
1515 1499 1606 1523 nu.
1622 1491 1714 1523 idem
1727 1490 1786 1534 qui

1074 1541 1170 1583 gravi
1221 1541 1463 1574 observatione
1517 1541 1787 1583 perplexitatem

1074 1592 1244 1634 Pompeii,
1258 1597 1296 1624 et
1311 1602 1355 1624 ex
1374 1592 1610 1634 perplexitate
1625 1592 1789 1634 despera-

1074 1643 1203 1675 tionem
1220 1643 1345 1686 arguit.
1391 1642 1573 1677 Didicerat
1584 1643 1786 1676 aliasPom-

1074 1695 1172 1736 peius
1187 1695 1220 1726 in
1239 1694 1393 1727 adversis
1406 1695 1494 1728 bene
1510 1705 1670 1737 sperare,
1681 1695 1786 1739 idque

1073 1750 1170 1778 tanto
1182 1747 1269 1788 viro,
1284 1750 1448 1789 tantaque
1463 1746 1580 1778 indole
1594 1757 1635 1779 ac
1647 1747 1791 1790 experi-·

1075 1797 1170 1830 entia
1198 1797 1338 1840 dignum
1368 1802 1457 1830 erat.¹
1514 1798 1618 1830 Nunc
1646 1808 1783 1831 omnem

1075 1857 1170 1891 spem
1197 1848 1327 1890 abjicit,
1352 1858 1430 1881 cum
1461 1852 1576 1881 tamen
1601 1849 1711 1882 multa
1737 1849 1783 1883 ad

1073 1900 1282 1942 sperandum
1298 1905 1334 1933 et
1356 1899 1606 1942 resurgendum
1625 1908 1784 1943 superes-

1071 1956 1161 1985 sent.
1206 1951 1350 1984 Scilicet
1372 1955 1476 1985 antea
1497 1951 1655 1985 adversos
1669 1960 1783 1993 casus,

1074 2007 1259 2045 antequam
1277 2002 1492 2044 acciderent,
1505 2002 1731 2045 praeviderat,
1745 2007 1784 2036 et

1072 2054 1153 2097 quid
1177 2054 1272 2087 facto
1289 2064 1376 2096 opus
1392 2053 1495 2096 foret,
1517 2053 1544 2085 si
1560 2052 1782 2094 occidissent,

1070 2107 1257 2139 meditatus
1273 2109 1372 2138 erat:
1395 2114 1486 2137 nunc
1508 2108 1608 2137 certa
1634 2114 1696 2147 spe
1710 2104 1782 2138 vic-

1071 2157 1170 2189 toriae
1187 2159 1376 2199 praerepta,
1399 2154 1579 2196 inopinato
1598 2163 1682 2187 casu
1702 2163 1783 2196 per-

1069 2208 1196 2248 culsus,
1221 2207 1399 2239 consilium
1426 2205 1549 2238 timore
1575 2209 1613 2238 et
1625 2209 1783 2239 constet·
1836 2237 1843 2243 ,

1068 2259 1209 2291 natione
1236 2257 1402 2300 perdidit.
1447 2257 1538 2289 Vide
1563 2257 1672 2298 ipsam
1694 2257 1790 2292 Dio·

1069 2311 1121 2343 nis
1131 2310 1317 2352 superista
1331 2319 1369 2342 re
1385 2307 1588 2350 φιλοσοφίαν.
1610 2303 1760 2345 Boea-1⁶⁹.

1112 2361 1176 2394 Sed
1190 2361 1260 2403 quis
1273 2361 1307 2393 in
1321 2360 1471 2400 adversis,
1491 2359 1560 2402 ξω]
1584 2359 1685 2392 Pleni
1699 2363 1795 2394 ωιτν

1067 2415 1248 2445 auctorum
1284 2411 1366 2443 libri
1406 2411 1533 2443 talibus
1570 2410 1778 2444 sententiis:

1066 2463 1196 2507 quippe
1210 2462 1245 2495 id
1261 2467 1501 2504 argumentum
1514 2462 1600 2494 locis
1619 2459 1789 2497 Rheitoi-ii

1066 2515 1114 2547 cis
1134 2519 1368 2557 opportunum
1395 2518 1449 2546 est
1464 2513 1686 2555 cumprimisr
1703 2513 1785 2548 Hie<

1065 2565 1256 2598 Rhetorum
1285 2574 1439 2606 campus.
1500 2564 1619 2596 Caesar
1646 2565 1684 2597 in
1711 2565 1778 2600 hoc

1064 2616 1140 2658 ipso
1155 2616 1288 2648 scelere
1300 2615 1465 2658 AEgyptio
1477 2614 1777 2648 commemorando

1065 2667 1154 2699 Bell.
1171 2667 1247 2700 Civ.
1269 2667 1327 2699 lib.
1342 2676 1399 2699 ιιι.
1423 2668 1433 2684 ⁴
1445 2667 1649 2709 plerumque
1670 2665 1706 2698 in
1718 2676 1777 2700 ca-

1063 2719 1220 2751 lamitate
1234 2728 1278 2750 ex
1294 2718 1412 2751 amicis
1434 2718 1591 2750 inimicos
1603 2716 1776 2751 existere’

1063 2774 1175 2803 notat.
1198 2771 1298 2803 Idem.
1648 2779 1651 2782 ·

1107 2821 1293 2863 Mytilenis]
1315 2820 1409 2853 Urbs
1434 2820 1549 2862 Lesbi,
1573 2829 1595 2852 a
1616 2825 1685 2864 qno
1699 2822 1776 2858 tota

1062 2871 1163 2906 hodie
1177 2872 1287 2906 insula
1302 2881 1438 2907 nomen
1444 2870 1600 2916 accepit.
1707 2887 1709 2889 ·

1510 2959 1529 2984 1¹
