2008 3210
369 210 458 254 466

417 316 502 354 Quia
518 314 683 355 Romanis]
709 313 872 356 Suspicor
887 313 1083 355 legendum,

370 369 426 411 qui
450 379 470 400 α
497 367 648 400 Romanis
669 369 700 399 et
714 366 813 398 armis
834 369 866 398 et
886 365 1000 398 animis
1022 365 1083 397 cisi

359 420 520 458 fuissent:
537 421 574 450 ut
589 417 645 449 bic
657 417 801 449 verbum
812 416 950 459 aliquod
963 415 1082 449 deesse

369 470 540 503 videatur.
571 469 708 501 Burrer.

414 520 517 557 Quem
530 520 577 552 ito
591 517 728 560 semper]
762 517 857 553 Quid
873 517 935 560 ais,
948 516 1082 551 Vellei?

368 571 488 612 Longe
513 569 617 602 aliter
629 568 774 602 Tacitus
793 568 920 612 aliique
935 569 979 602 de
994 568 1083 602 Ger-

366 621 476 653 manis
490 621 688 663 loquuntur.
720 620 864 653 Boecler.

421 672 546 714 Quippe
579 670 723 714 paterna]
768 673 825 705 De
862 676 962 714 patre
999 672 1080 706 Sex.

369 723 553 758 Quinctilii
563 723 669 756 habes
685 732 790 765 supra
799 724 834 756 in
845 722 935 756 bello
948 723 1080 765 Philip-

368 775 468 818 pensi
482 774 543 807 lib.
558 783 601 807 ιι.
617 777 671 807 71.
703 773 714 793 ‘
731 774 844 806 Varus
870 774 1081 808 Quinctilius

366 836 445 859 cum
457 836 494 859 se
505 825 697 868 insignibus
707 825 872 858 honorum
884 825 1082 869 velavisset,

366 876 487 910 liberti
502 872 604 909 mann
617 874 823 908 interfectus
835 875 913 909 est.’
934 877 990 909 De
1003 885 1081 917 avo,

367 937 435 961 non
466 932 536 961 tam
565 927 717 960 obvium.
779 927 930 969 Reperio
962 931 1080 959 tamen

366 980 459 1022 apud
477 980 648 1012 Caesarem
666 987 690 1011 ι.
711 977 812 1010 Civil.
828 977 928 1011 ‘Sex.
950 977 1081 1012 Quinc-

366 1031 479 1063 tilium
494 1031 626 1063 Varum
641 1029 858 1063 Qnaestorem
869 1029 910 1061 L.
922 1027 1081 1061 Domitii'

365 1082 471 1114 fuisse
487 1081 653 1120 Corfinii3
678 1084 716 1112 ut
739 1078 918 1121 probabile
942 1078 988 1111 sit
1002 1087 1080 1112 enm

363 1134 414 1166 sic
426 1133 571 1175 periisse
581 1132 616 1164 in
628 1131 821 1173 Pharsalia,
831 1134 892 1164 ant
905 1130 940 1164 in
949 1130 1080 1164 Africa.

365 1185 504 1227 hipatius.

408 1235 448 1269 L.
472 1234 615 1276 Eggim]
637 1232 721 1275 Alii,
744 1233 882 1274 Egilius.
916 1233 991 1275 Ego
1015 1234 1081 1274 Eg-

361 1288 436 1328 gius
459 1287 606 1329 retineo,
621 1284 715 1328 quod
740 1285 826 1318 banc
848 1283 1010 1317 familiam
1036 1294 1080 1317 ex

363 1337 591 1380 inscriptione
628 1336 760 1379 antiqui
802 1335 928 1378 lapidis
964 1341 1080 1369 notam

362 1388 519 1422 habeam.
567 1388 675 1431 Cujus
691 1388 888 1431 exemplum
910 1388 1079 1430 sequitur.

361 1440 371 1458 ‘
385 1440 428 1475 1n
444 1439 564 1483 Opido
579 1441 627 1473 D.
640 1439 819 1481 Germani,
832 1439 876 1473 ad
894 1438 1081 1472 Cathedra-

364 1491 432 1523 lein
447 1489 663 1524 Ecclesiam.'
984 1504 986 1506 ·

642 1549 807 1573 naucum
873 1544 879 1548 ‘

589 1600 739 1626 smero.
762 1599 851 1624 sscn

475 1650 477 1652 ·
528 1651 562 1675 ι).
585 1650 815 1675 pomponius.
839 1651 914 1674 Νοιι

557 1702 635 1727 τυε.
658 1701 799 1725 νοΤυΜ.
823 1701 885 1725 son

530 1752 680 1777 Amicos.
703 1751 787 1776 Ace.
811 1752 912 1782 nunu

481 1856 526 1880 M.
549 1855 677 1879 nomo.
704 1853 893 1878 MARULLO.
917 1854 961 1878 ET

369 1935 372 1938 y
549 1907 583 1932 L.
601 1907 639 1930 n.
658 1907 694 1930 n.
712 1907 747 1930 n.
764 1906 803 1929 x.
819 1906 892 1929 1111„

361 1949 491 1981 Manat.
537 1949 578 1980 L.
596 1947 736 1989 Eggius]
761 1947 817 1980 Sic
839 1946 947 1980 editio
963 1946 1078 1989 primi-

362 2001 474 2043 genia.
497 2000 698 2033 Maluerunt
715 1999 772 2032 alii
789 1999 929 2040 Egilia-³.
967 1998 1078 2041 Atqui

360 2053 472 2096 Eggia
487 2062 572 2095 gens
589 2052 674 2085 satis
691 2055 774 2084 nota
786 2059 828 2083 ex
844 2051 1077 2093 inscriptioni-

361 2104 425 2136 bus
438 2103 606 2146 antiquis3
642 2106 683 2135 ut
706 2103 840 2136 monuit
855 2111 992 2145 quoque
1018 2102 1077 2135 Al-

360 2155 435 2188 dus.
481 2154 534 2187 Ac
550 2154 639 2186 idem
656 2163 780 2189 nomen
803 2153 907 2185 etiam
924 2153 1078 2187 occurrit

359 2206 396 2238 in
406 2205 668 2244 notisSenecae,
682 2208 717 2237 et
729 2203 891 2246 Tyronis3
906 2204 971 2236 nisi
985 2204 1078 2246 quod

360 2256 407 2288 ibi
423 2256 538 2297 Egiue,
553 2265 618 2298 pro
632 2255 772 2296 Eggius,
784 2256 928 2297 legatur.
967 2256 1054 2290 Voss.

403 2307 565 2349 Supplicia
581 2316 675 2348 quam
697 2306 822 2348 proelio]
857 2306 911 2338 De
927 2306 1078 2340 Catilina

359 2368 482 2401 supra:
508 2360 518 2377 ‘
534 2358 701 2400 Spiritum
715 2366 819 2400 quem
830 2357 1001 2399 supplicio
1016 2358 1077 2390 de-

360 2408 451 2450 buit,
467 2408 588 2451 proelio
602 2406 779 2441 1·eddidit.'
810 2406 937 2441 Acidal.

409 2459 490 2492 Vala
505 2458 698 2499 Numouius]
716 2458 802 2490 Cum
817 2457 852 2489 in
864 2457 1076 2500 manuscrip-

361 2515 397 2542 to
428 2510 557 2553 Velleii
584 2509 710 2548 ,codice
740 2508 911 2551 scriptum
941 2507 1076 2550 fuisset,

365 2560 600 2602 Vulnumonius,
615 2570 659 2593 ex
686 2570 728 2593 eo
745 2560 803 2593 alii
825 2559 984 2601 fecerunt
1013 2560 1075 2594 Va-

359 2611 497 2654 lumnius
505 2622 518 2650 ,·
542 2611 614 2653 alii,
628 2610 720 2654 quod
737 2619 780 2643 ea
793 2610 924 2643 familia
938 2619 1005 2644 non
1023 2619 1076 2643 re-

360 2663 536 2703 periretur
547 2663 639 2695 inter
651 2663 837 2703 Romanas,
848 2660 1076 2695 emendarunt

365 2713 572 2747 Volumim'us.
598 2713 668 2746 Sed
685 2718 861 2756 utrunque
875 2712 1076 2745 mendosum

359 2769 433 2796 est:
458 2765 748 2807 scribendumque
778 2764 858 2797 Varla
884 2764 1076 2806 Numom’us,

358 2815 565 2856 cognomine
587 2816 677 2859 Vala,
704 2815 816 2858 posito
844 2821 925 2849 ante
948 2825 1073 2850 nomen

677 218 821 249 NOTAE
855 217 1126 250 vAmoRUM
1161 217 1213 250 ΙΝ
1248 217 1533 253 PATssRcum

1132 314 1321 347 Numenius.
1366 314 1458 347 Nam
1473 324 1567 358 saepe
1585 315 1673 347 solet
1690 314 1842 348 Velleius

1130 366 1333 407 cognomina
1349 375 1550 408 praeponere
1575 365 1781 409 nominibus,
1803 371 1844 400 ut

1132 427 1211 451 cnm
1249 417 1347 459 dicit,
1383 419 1393 436 ‘
1434 418 1617 451 Mancinus
1653 417 1842 460 Hostilius,

1133 467 1247 501 Carbo
1269 468 1447 511 Papirius,
1474 468 1628 511 Lepidus
1663 468 1843 511 AEmmusl

1132 523 1170 552 et
1198 523 1318 553 cetera
1346 520 1382 553 id
1409 530 1529 563 genus.
1584 520 1701 562 Hujus
1725 525 1842 554 sutem

1132 570 1231 603 Valae
1257 574 1357 604 extat
1371 570 1532 604 denarius
1555 575 1744 613 argenteus
1763 581 1843 605 cnm

1131 619 1360 662 inscriptione
1397 629 1428 654 c.
1458 629 1665 655 nummum.
1703 630 1843 656 vum.

1130 672 1188 704 De
1200 681 1268 714 qno
1281 672 1486 714 cognomine
1497 672 1633 705 abunde
1646 673 1844 715 scripsimus

1131 722 1166 755 in
1180 721 1271 755 libro
1294 722 1339 756 de
1362 722 1500 756 familiis
1516 723 1691 757 Romanis.
1733 723 1845 758 Puta·

1130 784 1206 808 mus
1221 779 1339 815 autem
1354 784 1432 808 enm
1446 784 1536 816 esse,
1550 773 1595 807 nd
1610 771 1845 818 quemnam

1131 825 1200 858 tius
1214 824 1355 868 scripsit
1365 824 1548 868 epistolam
1564 827 1616 857 15.
1628 824 1687 858 lib.
1701 833 1729 858 ι.
1741 825 1843 868 eujus

1130 875 1266 908 initium
1282 879 1359 908 est:
1394 879 1403 894 ¹
1421 876 1509 910 Quae
1534 875 1580 908 sit
1598 874 1708 908 hiems
1720 877 1844 919 Veliae,

1130 926 1222 969 qnod
1239 927 1487 969 caelum,Vala‚
1500 925 1658 963 Salerni!
1702 926 1794 960 Nam
1806 927 1842 960 in

1128 977 1225 1010 libris
1240 976 1495 1020 manuscriptis,
1505 976 1564 1020 qui
1578 980 1659 1009 sunt
1672 977 1764 1019 apud
1776 987 1844 1019 me,

1130 1027 1278 1071 epistola
1301 1027 1516 1067 inscribitur,
1551 1034 1604 1060 An
1634 1034 1842 1061 unisonum

1130 1088 1269 1113 vuum.
1313 1079 1502 1112 Denarium
1516 1087 1612 1120 vero,
1626 1078 1726 1122 cnjus
1740 1088 1844 1122 supra

1129 1130 1357 1172 meminimus,
1372 1129 1541 1172 Trajanus
1555 1128 1648 1172 Imp.
1662 1133 1703 1162 ut
1717 1130 1844 1163 multos

1131 1181 1217 1214 alios
1244 1180 1412 1223 restituit,
1434 1184 1473 1213 ut
1499 1185 1648 1223 apparet
1667 1188 1712 1212 ex
1739 1179 1843 1213 titulo

1131 1231 1190 1275 qui
1205 1231 1237 1264 ei
1253 1232 1409 1274 adjectus
1425 1235 1498 1264 est:
1533 1239 1615 1264 mr.
1641 1238 1725 1264 cAEs.
1739 1238 1845 1264 ’run-

1131 1291 1193 1315 ΑΝ.
1206 1291 1292 1316 Avo.
1309 1291 1394 1316 cun.
1409 1291 1495 1315 nnc.
1510 1291 1570 1315 1³1³.
1580 1290 1680 1315 mr.
1694 1291 1774 1315 nam
1789 1291 1845 1316 re-

1129 1332 1236 1376 liqua,
1250 1343 1327 1376 quae
1343 1333 1478 1376 signata
1493 1334 1527 1365 in
1551 1343 1594 1366 eo
1608 1337 1701 1376 sunt,
1715 1343 1844 1376 reprae·

1130 1388 1270 1417 sentant
1283 1393 1325 1417 ea
1340 1384 1456 1427 plane,
1473 1394 1550 1427 quae
1564 1383 1607 1417 ab
1621 1385 1697 1427 ipso
1713 1385 1843 1418 Nnmo-

1130 1434 1201 1476 nio,
1215 1435 1271 1466 vel
1288 1435 1330 1467 ab
1346 1434 1460 1478 aliquo
1474 1435 1547 1477 ejus
1569 1434 1720 1474 familiae,
1734 1435 1769 1468 in
1783 1445 1843 1468 an·

1129 1485 1278 1527 tiquiorc
1294 1486 1437 1528 denario
1461 1496 1543 1519 cusa
1564 1489 1656 1519 sunt.
1698 1486 1843 1520 Ursinus.

1128 1535 1177 1568 At
1198 1536 1395 1579 Volumnius]
1412 1537 1658 1570 Burreriauum
1673 1536 1737 1576 boc
1752 1544 1844 1570 com-

1129 1591 1282 1619 mentum
1309 1591 1374 1621 est.
1419 1587 1604 1620 Rhenanus
1623 1596 1667 1619 ex
1688 1586 1758 1620 Ma.
1772 1587 1844 1620 edi-

1129 1639 1183 1671 dit
1212 1639 1448 1672 Valnumonius.
1501 1638 1603 1672 Unde
1627 1637 1772 1671 Ursinus
1796 1638 1845 1672 le-

1131 1689 1281 1731 gendum
1325 1689 1486 1731 putabat,
1534 1689 1615 1722 Vola
1653 1689 1843 1723 Nummius.

1130 1739 1255 1781 Addit,
1281 1749 1318 1772 se
1343 1739 1435 1772 hunc
1462 1739 1611 1772 eundem
1635 1744 1773 1783 putate,
1796 1740 1842 1773 ad

1130 1800 1232 1833 quem
1245 1790 1415 1833 hodieque
1428 1790 1568 1823 Horatii
1582 1789 1732 1833 epistola
1744 1794 1843 1824 extat

1129 1842 1189 1875 lib.
1217 1851 1242 1875 1.
1268 1852 1326 1885 ep.
1356 1845 1410 1875 15.
1437 1852 1540 1887 quam
1563 1842 1599 1874 in
1627 1841 1712 1875 Mss.
1737 1842 1843 1876 scribi

1130 1896 1291 1934 testatur,
1325 1894 1379 1926 Ad
1413 1893 1452 1925 C.
1487 1892 1677 1926 Nummium
1719 1893 1842 1929 Vatum.

1129 1943 1200 1976 Ubi
1214 1943 1336 1977 dubito
1352 1948 1481 1985 tamen,
1494 1953 1537 1975 an
1563 1953 1630 1976 non
1646 1940 1776 1986 potius,
1788 1944 1844 1978 Aa

1132 1995 1192 2028 Cn.
1220 1995 1387 2027 Umom‘um
1419 1995 1540 2037 Valum,
1565 1998 1602 2027 et
1628 1995 1664 2027 in
1692 1995 1844 2040 Velleio,

1135 2046 1214 2079 Vola
1227 2046 1389 2089 Umonius,
1400 2046 1445 2078 sit
1457 2045 1729 2080 rescribendum.
1748 2047 1842 2080 Nam

1129 2098 1310 2131 Hubertus
1335 2098 1478 2131 Golzius
1493 2097 1550 2141 (nt
1575 2098 1619 2132 ad
1636 2099 1840 2141 praedictam

1129 2150 1268 2182 Horatii
1297 2149 1479 2192 epistolam
1509 2153 1628 2182 monet
1653 2149 1842 2193 Crnqulns)

1129 2209 1174 2232 ex
1200 2200 1405 2233 numismate
1426 2199 1622 2232 Lauredani
1645 2201 1841 2243 expressit:

1129 2260 1188 2283 cu.
1205 2259 1371 2283 vuomvs
1397 2258 1532 2284 VAALA.
1577 2250 1718 2283 Etenim
1731 2261 1842 2294 punc-

1129 2307 1202 2336 tum
1227 2302 1491 2336 mInutissimum
1507 2303 1600 2335 inter
1614 2311 1673 2336 cn.
1688 2307 1727 2336 et
1743 2312 1840 2337 vno-

1128 2362 1211 2387 ruvs
1228 2364 1304 2387 esse
1319 2354 1423 2395 dixit,
1445 2353 1536 2396 quod
1560 2353 1603 2386 ab
1627 2353 1703 2386 eliis
1728 2354 1840 2388 minus

1127 2404 1220 2438 foret
1236 2405 1522 2438 animadversum.
1561 2405 1698 2438 Vossius.

1171 2455 1287 2488 Petere
1302 2456 1464 2496 ingressus
1478 2455 1541 2497 est]
1557 2454 1766 2498 Suspicabar
1781 2455 1842 2488 ali-

1127 2506 1276 2550 qnando,
1307 2507 1392 2539 illud
1429 2510 1538 2549 petere
1572 2506 1773 2541 mutandum
1804 2506 1841 2539 in

1125 2561 1250 2591 temere.
1294 2558 1363 2590 Sed
1389 2567 1466 2591 cum
1493 2562 1652 2591 auctores
1672 2557 1782 2590 ceteri
1795 2557 1841 2590 si·

1125 2609 1223 2642 leant
1248 2608 1341 2641 istud
1358 2607 1504 2650 factum,
1529 2608 1619 2641 malo
1644 2611 1682 2640 et
1704 2617 1773 2649 ego
1789 2611 1840 2640 ta-

1126 2669 1220 2702 cere,
1238 2670 1339 2703 quam
1365 2660 1512 2702 prodere
1527 2658 1700 2692 inscitiam
1713 2667 1837 2691 meam.

1128 2713 1262 2746 Gruter.

1172 2763 1304 2804 Tamen]
1328 2762 1455 2819 Vulgq,
1469 2761 1530 2793 sed
1546 2761 1647 2802 male,
1660 2762 1799 2794 tandem.

1171 2815 1258 2848 CAP.
1288 2816 1363 2850 120.
1399 2811 1605 2854 Cimbricam]
1641 2811 1773 2846 Cimbri
1798 2815 1837 2845 et
