2008 3210
332 323 474 366 populo,
491 332 579 364 genu
595 323 706 364 nixus,
718 323 855 367 deiecta
869 324 913 357 ab
928 326 1044 357 bume-

331 374 380 407 ris
389 379 480 415 toga,
489 374 581 407 nudo
593 378 739 416 pectore
751 375 960 416 deprecatus
967 375 1042 408 est!

333 425 424 458 Item
441 426 509 457 Dio
523 426 630 459 tradit
646 427 816 469 principio
832 427 888 460 lib.
902 436 973 460 mv.
989 437 1044 459 ve-

334 486 443 519 raque
460 477 608 519 ἐπικρίσει
624 478 803 509 consilium
821 477 971 520 Augusti
987 478 1044 510 de-

333 527 440 560 clarat
455 539 462 559 :
486 527 546 566 τήν
564 540 601 559 τε
613 527 676 570 γὰρ
695 527 835 568 ἐξουσίαν
858 528 909 560 καὶ
923 528 983 567 τὴν
999 541 1043 561 τι-

332 578 394 618 μὴν
408 578 459 611 καὶ
473 579 548 621 ὑπὲρ
561 578 635 612 τοὺς
646 578 834 622 &turdi-copas
846 579 940 621 ἔχων,
951 579 1045 622 ὀρθῶς

332 629 371 662 τό
381 643 417 662 τε
427 630 592 671 ἐπίφθονον
601 630 700 662 καὶτὸ
710 630 842 670 μισητὸν
852 632 909 670 τῆς
920 630 1046 669 ἐπικλή-

333 692 411 714 σεως
431 682 532 713 αὐτῶν
558 680 756 723 ἐφυλάξατος
787 682 896 721 Recte,
918 683 1044 725 iuquit,

331 733 498 764 declinavit
516 733 666 764 invidiam
677 736 707 765 et
720 733 824 765 odium
832 733 939 774 hujus,
953 744 1045 775 quam

333 783 519 825 offerebant,
545 783 782 825 appellationis:
804 784 919 825 quippe
944 785 1044 825 quiet

334 834 482 866 honorem
497 837 528 866 et
550 838 737 876 potestatem
758 834 931 866 dictatoria
952 835 1045 874 mqy'o·

333 896 400 918 rem
408 885 477 926 J‘am
489 885 626 918 haberet.
657 886 797 928 Quippe
811 891 848 918 ut
858 887 939 918 olim
953 887 1044 928 Reg-

333 946 428 979 num,
441 942 588 979 propter
613 937 831 979 tyrannidem
850 938 1046 980 Tarquinio-

332 997 422 1029 rum,
456 988 508 1020 ita
540 989 728 1020 Dictatura
756 994 902 1030 propter
930 990 1045 1021 odium

333 1038 577 1071 dominationis
590 1039 740 1070 Sullanae
751 1039 969 1081 Julianaeque
982 1039 1046 1071 sub

335 1089 437 1122 titulo
463 1089 565 1132 hujus
591 1090 778 1131 potestatis
806 1091 985 1132 exercitae,
1012 1091 1045 1122 in

333 1140 632 1183 flagrantissimam
664 1142 814 1174 omnium
842 1143 1046 1175 detestatio-

334 1202 414 1225 nem
430 1198 587 1225 venerat.
633 1192 749 1234 Atque
765 1193 857 1225 sicut
874 1194 1046 1236 Regnum,

334 1244 498 1276 instituto
521 1243 667 1283 Valerii,
692 1244 742 1276 ita
754 1245 955 1285 metatura,
970 1245 1046 1287 lege.

334 1292 497 1337 Antonia,
522 1305 565 1327 ex
579 1305 654 1336 rep.
676 1296 750 1337 jam
778 1296 813 1327 iu
840 1301 1046 1338 perpetuum

335 1346 435 1388 quasi
450 1346 590 1378 exilium
602 1352 701 1378 erant
712 1347 875 1388 relegata.
921 1347 1047 1389 Itaque

335 1397 509 1439 singulare
527 1407 689 1430 arcanum
699 1402 701 1404 ’
707 1397 901 1439 prudentiae
914 1397 1046 1438 Augus-

334 1452 402 1481 teae
415 1449 501 1481 latet
514 1449 634 1480 inistis
648 1448 741 1490 apud
751 1449 861 1480 Tacit.
873 1447 916 1481 A.
930 1458 954 1481 1.
966 1452 999 1481 9.
1014 1451 1046 1481 5.

318 1498 424 1532 “non
440 1509 547 1541 reguo
570 1506 696 1539 tamen,
723 1508 831 1541 neque
853 1500 1049 1540 Dictatura,

335 1550 394 1584 sed
430 1551 606 1592 Principis
650 1551 786 1583 nomine
823 1552 1046 1583 constitutam

335 1602 507 1644 rempub!
566 1602 670 1634 Licet
699 1602 790 1634 enim
821 1602 913 1634 haud
943 1602 1048 1634 dubie

335 1653 445 1695 Regis
461 1655 585 1686 nomen
599 1654 634 1685 in
650 1653 753 1685 terris
766 1653 1047 1694 augustissimum

335 1705 381 1736 sit
396 1703 504 1747 (sicut
519 1704 666 1745 amplius
689 1703 827 1736 dicetur
842 1705 876 1736 iu
891 1704 980 1736 libro
1003 1704 1047 1736 de

338 1755 511 1797 Auspicio
541 1755 667 1797 Regio,
697 1765 797 1797 quem
827 1754 1048 1798 adornamus)

337 1811 455 1839 tamen
472 1807 660 1848 Augustus,
671 1807 796 1839 merito
813 1807 961 1848 tempori
977 1816 1047 1839 ser-

336 1858 449 1899 viens,
468 1867 506 1890 re
522 1858 595 1899 ipsa
612 1861 795 1889 contentus
805 1855 890 1897 fuit3
913 1866 1048 1898 nomen,

337 1910 429 1952 quod
442 1919 486 1941 ex
498 1909 663 1950 superbia
673 1909 705 1940 in
717 1908 881 1940 invidiam
895 1912 1049 1949 venerat,

337 1960 492 2000 remisi=t;
515 1970 592 1992 cum
610 1959 801 2000 praesertim
819 1960 924 1992 vellet
939 1960 1049 1992 videri

336 2010 511 2044 libertatis
526 2010 852 2055 restauratorksicut
867 2011 981 2051 paullo
991 2020 1049 2042 an—

337 2066 379 2101 te¹
390 2062 521 2095 dictum
538 2066 606 2102 est,
622 2071 705 2102 ergo
731 2071 798 2093 non
815 2062 1051 2103 expediebant

336 2113 419 2150 huic
434 2113 645 2145 simulationi
669 2112 882 2144 dominantia
901 2113 1050 2154 nomina,

339 2167 400 2197 aut
424 2173 542 2196 eorum
564 2163 750 2206 quidquam
778 2174 853 2205 quae
881 2164 1050 2196 libertatis

339 2225 517 2248 eversores
544 2219 808 2255 usurpaverant.
852 2215 974 2246 Florus
999 2224 1049 2248 ιν.

340 2270 394 2301 12.
408 2270 462 2300 66.
486 2266 630 2298 obscure
657 2266 768 2306 potius
795 2270 832 2296 et
856 2265 899 2297 de
926 2266 1044 2297 oblato

339 2322 473 2351 tantum
485 2316 673 2349 dictatorio
684 2315 818 2347 nomine
831 2315 936 2357 ioqui,
949 2325 1050 2357 quam

338 2369 375 2401 in
390 2378 428 2402 re
444 2373 513 2401 tam
529 2373 612 2399 nota
628 2377 770 2409 prorsus
786 2376 918 2406 errare,
933 2367 1049 2398 existi-

319 2429 323 2433 ‘
338 2418 484 2462 mundus
513 2417 605 2449 forte
644 2416 763 2456 fuerit,
797 2427 873 2448 cum
903 2417 1047 2449 scribit:

319 2480 323 2483 ⁷
337 2470 350 2494 ‘v
362 2469 425 2503 Ob*
437 2469 512 2501 haec
528 2474 581 2500 tot
593 2467 688 2500 facta
703 2468 870 2509 ingentia,
890 2468 1050 2505 Dictator

339 2525 541 2562 perpetuus,
567 2524 604 2550 et
636 2519 743 2550 Pater
778 2518 907 2550 Patriae
937 2518 1050 2550 dictus

318 2576 325 2586 ·“
340 2570 416 2606 est!
430 2578 432 2580 ’
462 2570 589 2602 Dictus
602 2579 682 2601 sune
697 2574 752 2600 est
768 2568 811 2599 ab
827 2567 1051 2600 offerentibus

318 2628 320 2630 '
340 2622 576 2658 Dictaturam,
602 2621 662 2652 sed
690 2620 899 2660 deprecatus
927 2626 980 2651 est
995 2621 1052 2652 bo-

340 2682 470 2705 norem.
501 2673 598 2705 Idem.
645 2672 743 2715 Nam'
753 2672 958 2710 divtuturam,
982 2671 1053 2713 gu]

322 2732 324 2736 ·
341 2723 530 2764 Eutropius
544 2723 586 2754 ad
601 2723 659 2754 lib.
674 2732 700 2755 1.
719 2722 782 2755 sub
796 2721 978 2754 dictaturae
994 2732 1054 2754 no-

342 2772 436 2806 mine
445 2773 616 2804 ethonore
626 2781 789 2814 regnasse
797 2772 910 2806 docet.
918 2772 1055 2813 Schegk.

323 2821 361 2860 *⁴5
390 2821 670 2861 Tamsconstanter
694 2821 828 2866 repulit]
844 2833 846 2836 ·
862 2822 986 2856 Valde⁴
1003 2832 1054 2856 er-

637 228 781 261 NOTAE
813 229 1079 261 VARIORUM
1116 230 1166 262 ΙΝ
1204 230 1487 263 PATERCUM

1096 329 1173 359 rant
1204 326 1393 359 Brissonius
1424 331 1462 360 et
1488 326 1643 368 Popmax
1676 326 1735 370 qui
1760 325 1801 360 vo

1095 381 1173 419 tum,
1187 388 1248 420 pro
1270 379 1372 419 valde,
1393 378 1473 420 poni
1498 381 1663 411 asserunt.
1707 373 1810 412 Nasu*

1095 439 1186 470 quum
1201 429 1276 462 heic
1291 439 1358 461 non
1381 438 1581 470 pronomen,
1595 429 1657 461 sed
1682 429 1806 462 adver».

1098 481 1201 520 bium,
1214 481 1314 523 eique
1324 480 1363 512 τὸ
1375 484 1442 513 eum
1455 481 1654 522 opponitur.
1677 481 1802 523 Neque

1095 541 1244 574 unquam
1259 532 1415 564 absolute
1429 534 1497 563 tam
1522 541 1585 572 pro
1599 531 1689 563 valde
1710 530 1804 563 loe·-

1096 586 1168 614 tum
1185 582 1359 623 reperias:
1386 591 1452 614 nou
1469 580 1577 622 magis
1593 590 1676 612 saue
1699 589 1802 623 quam

1094 633 1181 664 adeo.
1226 632 1311 665 Qua*
1328 632 1505 673 particulae
1515 631 1718 673 plerumque
1728 640 1804 673 pm

1097 682 1333 722 admiratione,
1367 683 1478 714 aliave
1505 691 1623 722 causa,
1659 681 1812 714 reticeri·

1096 733 1257 775 quiddam
1276 733 1442 765 indicant.
1486 733 1531 765 Et
1546 734 1592 764 ita
1605 733 1681 774 capi
1693 733 1804 775 possit

1097 784 1181 816 illud
1209 785 1315 816 Plinii
1344 785 1426 816 Nat.
1443 784 1534 815 Hist.
1557 783 1617 816 lib.
1633 793 1709 817 viu
1725 793 1802 827 cup.

1095 838 1149 867 49.
1165 846 1184 866 a
1201 835 1335 876 Popma
1349 834 1527 867 firmandoe
1545 835 1729 868 sententia
1746 834 1806 867 nd-

1095 885 1238 918 ductum
1252 896 1260 917 :
1279 886 1289 903 ⁴
1301 886 1351 917 M.
1363 885 1490 917 Caelius
1502 883 1623 917 Rufus'
1633 885 1699 926 (sic
1709 884 1814 928 lego)

1096 937 1106 953 ‘
1128 941 1164 967 et
1191 936 1232 968 C.
1260 936 1413 968 Licinius
1435 936 1572 973 Calvus,
1597 937 1721 968 eodem
1747 936 1815 970 die·

1097 988 1203 1029 geniti
1220 992 1323 1027 suut3
1347 987 1518 1019 Oratores
1533 987 1674 1029 quidem
1692 987 1808 1030 ambo,
1849 1016 1853 1017 ⁷

1098 1039 1158 1070 sed
1183 1043 1253 1070 tam
1266 1038 1398 1080 dispari
1412 1037 1564 1070 eventu?
1608 1038 1676 1070 vix
1690 1042 1806 1071 tumen
1830 1047 1848 1056 ¹²·

1097 1092 1232 1132 dubito,
1260 1091 1341 1133 quin
1369 1094 1473 1122 tamea
1499 1090 1547 1122 ibi
1572 1090 1617 1122 nit
1640 1099 1808 1131 reponen-

1097 1142 1201 1174 dum:
1227 1143 1397 1184 quomodo
1428 1141 1565 1183 reperio
1590 1141 1627 1173 in
1654 1141 1815 1175 Mna-net·

1098 1192 1208 1224 veteri
1223 1192 1374 1224 editione
1391 1191 1582 1229 Parmensi.
1611 1191 1750 1225 Vmiue.
1809 1208 1813 1213 -

1143 1242 1354 1285 Pacatuaeque]
1385 1243 1460 1276 Nec
1483 1243 1711 1285 incommode,
1734 1252 1812 1285 pen.

1097 1299 1299 1335 agratusque.
1324 1293 1473 1334 Lipsius.

1142 1345 1311 1386 Futigent]
1324 1345 1524 1387 Legebatur
1537 1345 1697 1386 fatigans.
1719 1346 1810 1379 Por·

1098 1405 1148 1436 ro,
1164 1395 1253 1438 quod
1280 1396 1425 1437 Lipsius,
1440 1405 1502 1437 pro
1517 1396 1712 1437 subiecimus,
1728 1405 1817 1433 moxr

1098 1447 1181 1487 legit
1192 1447 1399 1488 subjiciemus,
1410 1457 1451 1479 en
1467 1447 1660 1480 mutatione
1674 1457 1743 1480 uon
1758 1448 1809 1482 vi-

1099 1497 1203 1530 detur
1236 1507 1324 1539 opus
1356 1507 1444 1530 esse.
1474 1498 1655 1531 Boectem.
1716 1498 1811 1531 Fui·

1096 1549 1194 1590 gans]
1217 1549 1305 1581 Haec
1331 1557 1407 1580 cum
1435 1548 1712 1589 praecedentibus
1737 1549 1811 1582 nul·

1099 1600 1165 1631 lam
1192 1599 1349 1631 efficiunt
1372 1599 1601 1640 seutentiam,
1625 1600 1660 1632 ni
1679 1600 1811 1634 scribas

1090 1651 1252 1692 fatigant,
1268 1655 1326 1682 aut
1343 1650 1642 1692 potiussatigeut..v
1663 1652 1701 1684 Si
1718 1651 1813 1694 paul-⁷

1100 1703 1133 1733 lo
1149 1701 1231 1743 quid
1248 1701 1396 1743 amplius
1411 1701 1473 1733 tibi
1488 1701 1682 1744 indulgeas,
1699 1703 1817 1751 posq‘s.

1099 1762 1166 1785 nou
1189 1753 1298 1784 minus
1313 1746 1472 1793 apposite
1476 1753 1648 1795 flagitant,
1661 1754 1816 1796 hocqu05

1099 1809 1139 1837 ut
1149 1804 1274 1845 fatear,
1285 1805 1341 1836 vix
1354 1814 1407 1836 me
1419 1808 1522 1837 teneo
1536 1805 1619 1846 quin
1630 1814 1817 1848 reponam.-

1099 1856 1273 1889 Acidaliae.

1137 1909 1226 1941 Cn».
1235 1910 1289 1940 90.
1302 1908 1465 1940 Coalescen
1469 1908 1610 1950 tibiasque
1617 1908 1819 1951 Reipublicoe

1100 1959 1261 2001 membris]
1285 1959 1465 1992 Tria'hoec
1487 1959 1593 1991 verba
1609 1968 1687 2001 qua
1707 1959 1818 2003 vulgo·

1100 2011 1286 2050 adduntur,
1298 2013 1329 2042 et
1337 2020 1443 2042 coram
1451 2011 1570 2051 altero,
1579 2008 1690 2043 Aldus
1706 2011 1813 2054 teuit,

1102 2066 1206 2104 atque
1220 2061 1278 2094 alii
1292 2061 1474 2093 illoduce.
1520 2061 1598 2093 Nec
1619 2070 1710 2103 nego
1733 2071 1818 2095 seu—-v

1102 2114 1247 2146 tentiam
1264 2112 1395 2155 absque
1411 2113 1452 2144 iis
1466 2112 1609 2154 probam
1623 2121 1700 2144 esse
1715 2122 1725 2144 t
1747 2122 1812 2146 un·

1102 2165 1146 2197 de
1159 2170 1274 2197 tamen
1286 2164 1336 2197 sic
1345 2163 1476 2196 frustra
1487 2163 1713 2204 irrepserint?
1733 2163 1812 2197 Mu-

1103 2215 1168 2247 tari
1184 2215 1304 2247 melius
1320 2214 1491 2254 videatur,
1505 2217 1537 2246 et
1549 2217 1681 2246 curante
1694 2223 1729 2246 eo
1739 2214 1812 2256 ἐμω

1102 2269 1167 2298 tum
1181 2267 1273 2306 longa
1283 2276 1294 2297 :
1318 2274 1442 2307 nempe
1453 2263 1811 2306 Augustosalutnrem

1101 2326 1218 2348 curam
1245 2321 1282 2348 et
1302 2315 1507 2347 medicinam
1533 2314 1722 2348 adhibente
1746 2315 1814 2348 rei-

1101 2367 1184 2408 pub.
1211 2368 1384 2398 laceratae.
1417 2366 1557 2407 Lipsius.
1603 2366 1815 2398 Contemnu-

1101 2419 1170 2458 bus,
1182 2418 1252 2460 ξω]
1276 2418 1404 2458 Vulgo,
1418 2417 1717 2458 coalescentibusque
1729 2417 1811 2460 reip.

1102 2469 1256 2508 membris,
1271 2471 1303 2499 et
1318 2478 1421 2499 corum
1431 2469 1544 2507 altero,
1555 2478 1626 2509 quoe
1638 2469 1818 2509 tunm

1101 2529 1259 2551 armorum
1279 2520 1376 2551 series
1397 2519 1611 2551 laceraverat·
1645 2519 1817 2552 Tresssvo·

1103 2580 1174 2608 ces,
1195 2573 1226 2601 et
1250 2579 1353 2601 corum
1378 2570 1489 2608 altero,
1513 2569 1658 2611 quidam·
1675 2569 1819 2603 tollunt:

1103 2621 1192 2652 Mihi
1222 2630 1297 2652 eam
1335 2620 1511 2652 audacium
1538 2629 1719 2652 assument
1742 2619 1822 2653 πόι

1106 2671 1228 2711 ausim,
1245 2672 1438 2712 praesertim
1453 2681 1530 2702 cnm
1546 2670 1697 2711 vulgaris
1710 2670 1816 2702 lectio

1108 2723 1175 2754 Ms.
1193 2723 1402 2754 auctoritate
1414 2719 1553 2754 suffulta
1566 2721 1625 2760 sit,
1639 2720 1705 2754 nisi
1720 2720 1821 2762 quod'

1105 2772 1142 2804 in
1165 2782 1206 2807 eo
1237 2771 1346 2804 suerit
1371 2772 1480 2803 aliero.
1523 2771 1600 2812 Ego
1625 2770 1822 2811 legendum*

1106 2822 1274 2858 arbitror:
1296 2832 1345 2858 ,εο
1371 2824 1502 2855 curante
1529 2820 1625 2863 serio,
1649 2823 1814 2864 quaeftoen
