2002 3250
251 237 310 279 40
692 249 732 281 c.
764 250 972 282 vnnnnu
1006 250 1297 283 PATEncunr

252 346 522 400 perpetuum
541 357 570 389 a,
595 357 642 387 se
675 358 835 389 nomen
853 347 989 390 dedit.
1049 348 1162 391 Post
1182 347 1358 401 Orestis
1390 340 1629 401 interitum,
1652 349 1732 393 filii

252 411 368 468 ejus,
392 413 641 456 Penthilus⁷
661 420 708 457 et
726 415 1011 470 Tisamenus,
1032 429 1271 472 regnavere
1292 416 1490 460 triennio.

310 480 355 523 2.
387 483 450 536 [a.
481 481 582 524 Chr.
613 496 657 524 n.
678 483 829 536 1111.]
859 484 993 536 Tum,
1027 485 1120 528 fere
1157 498 1272 528 anno
1313 486 1592 540 octogesimo
1627 492 1734 542 post

251 545 437 604 Trojam
459 555 655 606 captam,
678 553 924 595 centesimo
944 556 987 596 et
1009 553 1239 606 vicesimo,
1262 567 1400 609 quam
1429 554 1651 599 Hercules
1671 556 1732 598 ad

252 613 379 660 Deos
397 623 674 669 excesserat,
697 620 888 675 Pelopis
920 622 1186 676 progenies?
1214 636 1316 677 quae
1347 623 1467 665 omni
1497 623 1587 667 hoc
1618 628 1732 667 tem-

251 697 380 740 pore,
403 686 546 740 pulsis
562 687 861 741 Heraclidis,S
873 689 1175 746 Peloponnesi
1195 691 1430 747 imperium
1459 692 1731 752 obtinuerat,

251 753 309 796 ab
333 753 547 796 Herculis
580 757 1080 817 progenie'expellitur.
1143 759 1297 802 Duces
1329 760 1732 816 recuperandijm-

251 822 364 876 perii
380 821 519 874 fuere,
541 823 797 878 Temenus,⁸
820 825 1138 882 Cresphontes,
1164 827 1475 872 Aristodemus
1485 830 1513 883 3²
1543 842 1732 885 quorum

251 889 443 937 abavus⁹
456 896 474 914 ¹¹
493 891 652 935 fuerat.
694 893 869 937 Eodem
888 895 980 938 fere
1004 899 1196 952 tempore
1215 896 1429 941 Athenaev
1449 898 1532 941 sub
1551 898 1732 954 regibus

873 1020 1110 1033 eeeeeeeeeeee

251 1090 392 1131 Bipont.
424 1096 461 1123 et
487 1092 563 1124 aliis
600 1093 861 1125 recentioribus.
906 1093 1048 1126 Cludius
1073 1093 1151 1127 Sors
1184 1096 1222 1128 T.
1251 1095 1485 1138 conligit,qu²',
1509 1098 1627 1139 &an—⁷
1665 1096 1733 1130 m.

252 1143 306 1174 pr.
331 1134 581 1167 pertractus-8
604 1136 668 1169 Ed.
696 1146 747 1179 pr.
772 1137 1000 1170 Teminus.-9
1023 1138 1080 1171 Ita
1106 1149 1150 1171 ex
1177 1140 1396 1173 correctione
1422 1139 1568 1173 Meursii
1589 1146 1626 1173 et
1651 1140 1731 1174 Sc'a-
1795 1180 1797 1182 v

917 1243 1058 1276 NOTAE

293 1319 305 1335 ¹
328 1315 455 1357 Pelopis
471 1318 651 1359 progenies]
674 1319 804 1361 Pelops
821 1319 964 1352 Tantali
1019 1320 1146 1353 liberos
1161 1321 1391 1363 Eurystheum
1409 1325 1446 1354 et
1458 1322 1633 1356 Proclem.
1680 1323 1730 1357 At

249 1364 340 1398 filius
362 1365 442 1398 fuit.
491 1367 561 1399 Hic
589 1379 668 1401 curn
694 1369 843 1412 hospitio
868 1372 962 1404 Deos
1016 1372 1220 1405 immerito:
1266 1377 1373 1415 atque
1411 1382 1455 1405 ex
1495 1374 1729 1408 reconditior-e

249 1420 460 1463 excepisset,
486 1422 691 1463 experiundi
717 1434 823 1456 causa
848 1435 891 1457 an
911 1436 961 1458 es-

248 1475 327 1503 sent
341 1471 412 1513 Dii,
429 1472 643 1515 discerptum
659 1474 878 1508 membratim
896 1477 962 1509 Pe-

247 1523 361 1566 lopem
394 1523 430 1556 in
455 1525 614 1558 convivio
642 1526 890 1560 comedendum
921 1528 962 1561 iis

248 1574 423 1616 apposuit.
466 1575 537 1608 Sed
561 1586 581 1608 a
602 1576 760 1610 nefandis
775 1579 886 1620 epulis
902 1579 961 1612 ab·

247 1625 402 1659 stinuere
418 1636 536 1659 omnes
547 1632 678 1670 praeter
693 1629 868 1672 Cererem,
883 1641 959 1672 quae

246 1677 424 1711 humerum
447 1679 545 1721 pueri
572 1680 717 1713 voravit.
762 1681 880 1714 Vitam
896 1682 962 1715 Pe-

247 1729 318 1772 lopi
346 1731 489 1772 pariter,
509 1736 546 1764 et
567 1732 746 1764 humerum
768 1732 959 1766 eburneum

245 1781 388 1824 Jupiter
408 1782 579 1815 reddidit:
603 1784 785 1816 Tantalum
801 1793 884 1816 vero
901 1784 959 1817 de-

248 1831 350 1865 trusit
361 1832 405 1865 ad
418 1832 568 1866 Inferos.
599 1834 685 1866 Cum
698 1837 819 1876 postea
831 1833 959 1877 Pelops

248 1883 472 1926 adolevisset,
485 1884 519 1917 in
529 1884 665 1918 Elidem
677 1895 713 1918 se
726 1885 887 1927 contulit,
898 1886 957 1919 ubi

246 1935 518 1978 Hippodamiam
530 1936 689 1969 OEnomai
698 1936 800 1970 filiam
815 1947 958 1970 uxorem

247 1988 367 2028 duxit;
390 1998 430 2022 ac
448 1987 586 2021 demum
599 1999 708 2031 regno
725 1989 868 2032 potitus,
883 1990 958 2022 uni-

246 2049 354 2072 versae
392 2040 524 2082 regioni
562 2040 796 2083 Peloponnesi
831 2050 957 2073 nomen

245 2090 356 2123 dedit.
386 2090 652 2134 Peloponnesus
677 2092 768 2124 enim
784 2092 881 2135 quasi
898 2090 957 2124 Πέ-

246 2147 344 2174 λοπος
357 2142 471 2180 vacas:
490 2141 604 2184 hodie,
615 2143 647 2175 la
662 2142 788 2175 Μονέε.

289 2199 300 2215 ·
325 2195 431 2226 Pulsis
454 2194 654 2236 Heraclidis]
684 2193 727 2227 Id
753 2204 821 2227 non
851 2195 957 2227 inter·

244 2245 452 2287 pretandum
463 2247 562 2289 quasi
576 2246 758 2289 Pelopidae
769 2246 872 2289 primi
886 2247 958 2290 eje-

245 2297 375 2330 cissent
401 2297 609 2329 Heraclidas
639 2307 659 2329 e
688 2296 956 2340 Peloponneso;

244 2348 310 2379 hoc
327 2347 415 2379 enim
435 2348 656 2380 tribuendum
673 2347 869 2391 Eurystheo
880 2349 958 2390 My-

244 2407 407 2431 cenarum
420 2399 507 2441 regi,
517 2399 581 2432 sub
595 2409 661 2442 quo
672 2399 844 2445 Hercules,
852 2400 957 2433 vixit:

245 2450 306 2483 sed
323 2459 366 2483 eo
383 2460 495 2489 sensu,
507 2450 599 2494 quod
613 2451 821 2484 Heraclidas
834 2457 957 2494 postea

244 2500 523 2542 Peloponnesum
539 2505 699 2544 repetere
715 2507 882 2536 conantes
902 2513 956 2536 re-

244 2551 410 2593 pulerint.

245 2622 251 2626 -
287 2604 300 2633 Ἀ
317 2602 549 2644 Aristodemus]
587 2603 758 2636 Nonnulli
781 2605 954 2639 Velleium

244 2654 371 2686 erroris
402 2654 672 2696 reprehendunt,
703 2665 780 2687 cum
810 2656 955 2691 tradunt

244 2715 285 2736 ex
301 2704 512 2746 Apollodoro
523 2705 793 2749 Aristodemum,
805 2707 884 2740 dum
899 2718 956 2751 ap-

243 2756 431 2798 parabatur
460 2757 606 2798 reditus,
642 2757 788 2791 fulmine
825 2763 956 2791 tactum

246 2807 402 2850 periisse,
440 2818 479 2842 ac
517 2809 551 2842 in
579 2809 652 2852 ejus
679 2810 792 2844 locum
817 2809 954 2845 venisse

1017 1423 1163 1456 scientia
1178 1424 1346 1466 Velleius,
1362 1434 1439 1457 cum
1467 1435 1534 1468 quo
1550 1426 1601 1458 sic
1617 1426 1730 1460 Hero-

1015 1473 1117 1507 dotus
1144 1474 1248 1508 docet
1273 1475 1333 1508 lib.
1358 1485 1408 1509 vr.
1434 1476 1732 1521 Lacedaemonios,

1014 1526 1143 1558 nemini
1173 1526 1363 1559 Poetarum
1388 1528 1631 1570 assentientes,
1660 1533 1731 1564 tra->

1015 1577 1112 1619 dere,
1130 1588 1167 1611 se
1183 1578 1226 1611 ab
1240 1578 1458 1611 Aristodemo
1473 1584 1653 1622 regnante,
1669 1579 1730 1624 qui

1011 1628 1080 1662 fuit
1109 1629 1355 1672 Aristomachi,
1385 1631 1444 1674 qui
1476 1631 1641 1671 Cleodaei,
1663 1629 1729 1676 'qui

1014 1680 1128 1723 Hylfi,
1143 1681 1176 1713 in
1192 1681 1280 1714 hauc
1304 1682 1495 1724 regionem,
1516 1693 1616 1725 quam
1634 1693 1727 1718 nunc

1013 1731 1186 1774 obtinent,
1201 1731 1307 1766 fuisse
1319 1733 1502 1774 reductos;
1527 1744 1595 1767 non
1611 1739 1729 1769 autem

1015 1784 1058 1817 ab
1074 1783 1285 1818 Aristodemi
1301 1785 1430 1819 liberis.

1057 1840 1072 1856 ¹¹
1093 1835 1236 1879 Aban-m]
1257 1837 1314 1870 Sic
1340 1841 1424 1880 puto
1446 1838 1644 1881 legendum,
1661 1831 1727 1874 nec

1012 1896 1114 1928 posse
1125 1887 1278 1930 probari,
1287 1891 1397 1920 atavus
1405 1899 1419 1926 ;
1443 1899 1520 1921 nam
1531 1890 1727 1932 hujusmodi

1012 1942 1157 1971 stemma
1172 1943 1238 1981 est,
1254 1939 1346 1982 quod
1362 1949 1406 1971 ex
1422 1939 1621 1983 Herodoto,
1637 1941 1728 1987 Pau·

1013 1989 1121 2030 sania,
1136 1994 1172 2023 et
1187 1990 1349 2023 Diodoro
1362 1991 1563 2033 petivimus.
1587 1993 1724 2027 Aristo-

1012 2041 1154 2072 machus
1167 2045 1281 2083 pater,
1292 2041 1476 2075 Cleodaeus
1492 2053 1588 2086 avus,
1600 2044 1726 2088 Hyllus

1013 2100 1174 2133 proavus,
1190 2092 1362 2125 Hercules
1382 2093 1508 2127 abavus
1523 2094 1602 2129 fuit.
1647 2094 1726 2131 Nee

1011 2151 1097 2174 vero
1121 2140 1257 2176 ferendi
1282 2144 1457 2186 nonnulli,
1474 2144 1532 2188 qui
1551 2144 1668 2179 abavus
1688 2151 1725 2180 et

1011 2197 1124 2226 atavus
1135 2195 1229 2227 nullo
1239 2194 1436 2227 discrimine
1451 2198 1609 2239 usurpari
1625 2207 1724 2240 posse

1012 2245 1146 2278 dicunt.
1197 2246 1288 2279 Nam
1318 2246 1445 2279 diversi
1475 2248 1614 2281 omnino
1643 2253 1727 2284 snut

1011 2288 1069 2330 isti
1081 2297 1297 2340 cognationis
1308 2297 1447 2340 gradus.
1471 2297 1614 2332 Abavus
1625 2310 1726 2345 quar?

1012 2352 1085 2381 tum
1101 2348 1259 2392 gradum,
1274 2353 1395 2381 atavus
1420 2350 1575 2392 quintum
1598 2351 1724 2394 signat.

1054 2404 1069 2420 v
1092 2400 1240 2442 Athenoe]
1264 2399 1381 2432 Hodie
1406 2400 1542 2444 Setines,
1569 2404 1723 2437 omnium

1012 2451 1268 2494 disciplinarum
1296 2452 1519 2494 inventrices,
1542 2454 1576 2486 in
1607 2464 1651 2487 ea
1674 2454 1723 2488 A·

1011 2503 1117 2536 cbaiae
1135 2508 1249 2546 parte,
1265 2513 1354 2546 quae,
1375 2505 1468 2547 quod
1484 2505 1643 2539 littoralis
1657 2510 1724 2549 est,

1010 2555 1090 2587 olim
1114 2555 1220 2598 Acte,
1236 2564 1327 2588 nunc
1344 2555 1466 2588 Attica
1480 2557 1578 2599 quasi
1596 2556 1724 2593 Actica

1007 2612 1238 2650 nuncupatur.
1281 2607 1384 2640 Hanc
1411 2607 1565 2650 Cecrops
1592 2609 1725 2651 primus

1010 2657 1179 2700 condidit,
1198 2668 1218 2692 a
1240 2669 1307 2702 quo
1335 2659 1505 2701 Cecropia
1529 2659 1623 2692 dicta
1649 2665 1720 2694 estz

1010 2718 1050 2742 ac
1078 2709 1297 2752 postmodum
1325 2719 1346 2742 a
1370 2709 1531 2743 Minerva
1558 2709 1722 2744 Athenae.

1012 2760 1112 2794 Quod
1125 2761 1174 2794 sic
1184 2759 1373 2804 contigisse
1382 2760 1510 2794 ferunt.
1533 2761 1619 2794 Cum
1626 2762 1722 2805 Nep-

1011 2816 1113 2847 tunus
1137 2814 1172 2846 et
1188 2812 1351 2851 Minerva
1376 2812 1420 2847 de
1434 2812 1536 2856 huius
1552 2813 1645 2847 urbis
1661 2822 1722 2848 no·
