2002 3250
46 0 62 20 ἃ

448 268 514 302 nn
547 266 755 300 vunnu
790 263 1298 307 rmEN10,.MoR1BUS,
1332 263 1394 296 m·
1428 263 1563 296 Fron.
1639 293 1645 298 .
1689 252 1761 297 27

27 349 41 357 ”
262 372 419 418 torem,

455 365 616 410 Nostri
647 376 763 420 opus
805 363 1102 406 ‘inimitabile
1145 362 1296 418 operis
1324 360 1531 405 historici
1563 361 1758 416 praecisi*

264 434 523 490 exemplar'
553 437 799 476 vocantem.
859 432 968 476 Vid.
990 432 1200 475 Memoir.
1222 431 1278 474 de
1296 429 1476 475 l’A'cad.
1499 430 1579 475 des
1600 429 1746 476 Inscr-

263 508 307 548 et
325 504 438 547 Bell.
461 502 597 546 Lettr.
618 501 674 545 T.
697 512 888 544 xxvm.
909 515 952 557 p.
967 500 1070 544 611.
1092 513 1192 558 sqq.

962 718 1056 762 III.

450 852 515 888 DE
548 854 755 886 vunnim
789 853 1022 894 mommo,
1057 853 1300 896 Momssus,
1335 853 1396 885 Er
1430 854 1565 888 FmE.

323 969 461 1013 OPUS
483 969 649 1013 Velleii
673 969 873 1012 vindicat
892 982 1001 1012 sane
1024 969 1195 1012 auctori
1215 968 1409 1024 primum
1429 967 1592 1024 ingenii
1613 981 1750 1025 quen-

259 1037 372 1082 dam
392 1039 608 1094 vigorem,
625 1043 672 1081 et
686 1040 730 1081 in
747 1039 990 1092 cogitando
1010 1038 1209 1090 omnino,
1229 1041 1275 1080 et
1293 1037 1339 1079 in
1359 1037 1609 1089 sentiendo,
1624 1038 1752 1094 quic-

267 1108 377 1164 quid
395 1109 439 1150 in
460 1122 637 1164 quaque
658 1122 704 1150 re
724 1109 831 1150 insit
859 1122 949 1151 non
970 1108 1118 1150 solum
1135 1108 1302 1162 magni,
1331 1107 1511 1161 grande,
1533 1107 1763 1150 animum--

267 1190 355 1234 que
375 1177 640 1232 percellens,
661 1177 739 1219 sed
760 1177 898 1220 etiam
918 1178 1028 1232 quid
1059 1177 1230 1232 pulchri
1253 1180 1386 1231 atque
1404 1175 1593 1228 honesti,
1614 1175 1762 1232 idque

267 1259 367 1292 cum
388 1245 582 1301 quodam
614 1245 792 1289 affectu.
855 1246 1030 1289 Deinde
1060 1245 1181 1288 haud
1215 1245 1557 1300 inconspicuum
1589 1248 1658 1288 est
1687 1246 1755 1287 in-

269 1315 386 1370 genii
407 1328 599 1358 acumen
619 1316 830 1367 auctoris,
866 1328 974 1371 quo,
1005 1329 1108 1371 quae
1141 1313 1436 1357 multitudinis
1465 1314 1626 1356 oculos
1657 1313 1755 1356 ani-

266 1397 477 1440 mumque
497 1383 691 1439 fugiunt,
724 1385 922 1440 penitius
946 1383 1200 1439 perspexit,
1222 1383 1295 1425 cui
1314 1396 1421 1425 vero
1441 1394 1756 1438 nonnunquam

267 1453 452 1496 nimium
475 1453 710 1508 indulgens
731 1454 788 1496 ad
808 1454 1076 1508 argutiarum
1096 1453 1207 1495 vitia
1239 1452 1449 1506 abreptus
1469 1455 1553 1495 est.
1614 1450 1755 1495 Hane

266 1523 436 1579 ingenii
457 1523 548 1566 vim
569 1523 667 1579 ipse
688 1527 780 1566 tam
800 1536 943 1565 rerum
965 1521 1259 1579 experientia,
1281 1521 1353 1563 vel
1375 1535 1435 1564 ex
1455 1521 1655 1577 antiqua,
1686 1521 1758 1564 vel

269 1606 330 1635 ex
364 1605 449 1635 sua
480 1592 694 1635 memoria
731 1593 910 1643 hausta,
946 1604 1081 1646 quam
1112 1589 1329 1640 doctrina,
1363 1602 1421 1632 ex
1455 1590 1758 1646 antiquiorum

270 1662 414 1704 omnis
430 1662 601 1716 generis
621 1661 888 1716 scriptorum
906 1660 1095 1702 lectione
1114 1659 1290 1710 hausta,
1308 1658 1569 1701 nutriverat.
1631 1658 1758 1711 Qua—

268 1744 363 1774 rum
393 1730 473 1772 illa
492 1729 671 1785 quidem
704 1741 804 1771 sese
833 1728 980 1784 aperit
997 1728 1072 1770 vel
1094 1728 1397 1779 consiliorum,
1432 1740 1690 1782 causarum,
1712 1733 1760 1771 et

269 1799 526 1843 effectorum
544 1798 877 1854 perspicientia,
899 1797 975 1839 vel
1004 1798 1329 1848 sententiarum,
1362 1797 1527 1852 quibus
1559 1796 1758 1850 instruit,

271 1868 522 1924 sapientia:
552 1862 651 1910 haec
670 1881 776 1910 vero
797 1867 942 1909 elucet
959 1880 1020 1909 ex
1042 1866 1341 1922 antiquitatiS,
1356 1867 1453 1908 sive
1476 1865 1761 1918 domesticae,

273 1936 370 1982 sive
393 1940 575 1987 exterae,
595 1949 684 1979 non
702 1936 923 1978 universae
943 1935 1104 1987 solum,
1139 1935 1217 1978 sed
1239 1935 1375 1977 etiam
1391 1935 1437 1977 in
1453 1935 1656 1990 partibus
1676 1935 1761 1977 mi«

271 2005 537 2056 nutioribus,
558 2005 672 2048 adeo
692 2004 1136 2060 philosophematum
1165 2002 1280 2060 (vid.
1304 2014 1357 2045 11.
1377 2003 1451 2046 69.
1470 2002 1612 2060 123),
1644 2002 1759 2047 unde

274 2073 489 2116 orationis
517 2072 712 2115 colorem
742 2072 891 2124 duxit,
924 2072 1194 2126 cognitione,
1229 2085 1370 2127 neque
1398 2072 1544 2115 minus
1571 2085 1631 2115 ex
1661 2084 1762 2114 ora-

273 2142 394 2186 tione
414 2142 472 2184 ad
493 2142 764 2198 optimorum
787 2142 1054 2197 scriptorum
1080 2141 1274 2195 vestigia
1302 2153 1534 2196 expressa.
1595 2141 1671 2184 Ex
1690 2141 1765 2183 his

273 2211 480 2254 omnibus
500 2214 634 2253 enata
655 2223 838 2266 quoque
866 2212 938 2252 est
957 2209 1161 2252 auctoris
1181 2209 1419 2265 prudentia
1449 2214 1543 2254 tam
1569 2212 1674 2265 apte
1694 2222 1762 2252 se-

271 2279 441 2335 ligendi
470 2283 513 2322 et
539 2278 839 2334 componendi
870 2278 1070 2321 historiae
1105 2291 1200 2320 suae
1220 2282 1492 2332 argumenta,
1526 2290 1671 2334 eaque
1702 2279 1763 2321 ad

275 2347 620 2391 commovendos
641 2346 1018 2403 delectandosque
1033 2347 1229 2389 lectores
1251 2346 1498 2399 enarrandi,
1521 2346 1605 2389 sed
1626 2347 1762 2389 etiam

275 2416 666 2473 circumspiciendi
686 2416 742 2459 de
770 2416 973 2472 periculo
1001 2428 1061 2458 ex
1083 2429 1218 2471 opere
1239 2428 1341 2467 suo,
1362 2415 1565 2471 inprimis
1585 2428 1610 2458 e
1638 2415 1763 2471 judi-

276 2486 360 2529 ciis
388 2486 443 2528 de
478 2486 610 2528 rebus
630 2487 927 2541 personisque
946 2485 1210 2541 propositiS,
1245 2485 1334 2527 sibi
1353 2487 1581 2535 exortum,
1602 2497 1762 2527 caven-

276 2554 425 2610 dique,
445 2568 502 2596 ne
520 2554 752 2598 Tiberium
773 2555 1035 2610 aulicosque
1062 2554 1255 2597 offendat
1275 2558 1408 2610 atque
1430 2553 1586 2596 irritet.

333 2621 426 2665 Ad.
444 2623 581 2665 animi
613 2635 720 2666 vero
755 2623 953 2666 indolem
990 2623 1189 2666 auctoris
1213 2622 1332 2677 quod
1366 2618 1536 2671 attinet,
1568 2619 1766 2663 hominis

277 2705 383 2735 sane
425 2693 574 2749 probi,
611 2693 848 2748 omnisque
883 2691 1137 2736 honestatis
1175 2690 1364 2733 studiosi
1398 2703 1546 2731 mores
1583 2702 1676 2743 prae
1713 2701 1764 2737 se

276 2761 389 2805 tulit.
450 2760 558 2803 Odit
588 2773 717 2804 omne
749 2760 890 2812 nefaS,
925 2774 980 2804 ac
1013 2760 1348 2816 turpitudinem,
1382 2770 1629 2812 severaque
1656 2761 1766 2801 nota

278 2830 586 2875 animadvertit
604 2829 650 2872 in
669 2830 872 2876 homines
901 2829 1074 2885 magnis
1093 2841 1266 2873 morum
1286 2826 1408 2868 vitiis
1428 2830 1471 2868 et
1490 2825 1671 2880 flagitiis
1697 2825 1765 2867 in-

280 2897 453 2953 fames3
482 2898 530 2946 in
552 2898 897 2956 Sardanapaloe,
932 2897 1122 2951 Marios·‚
1159 2896 1338 2956 Syllas,·
1360 2893 1545 2948 Cinnas,
1579 2893 1766 2939 Clodios
