2002 3250
594 281 661 312 DE
692 278 872 312 ommis
906 279 1117 311 vunnu
1150 253 1360 313 innomi.
1663 273 1720 316 19

198 380 206 389 ’
236 381 342 438 post
361 377 651 433 Macedonici
681 378 805 433 regni
837 379 1023 430 exitum,
1053 377 1426 435 Carthaginisque
1457 383 1502 423 et
1520 379 1725 426 Corinthi

226 449 479 500 excidium,
498 461 559 503 ex
580 460 672 503 quo
692 447 795 490 inde
814 448 905 490 illae
927 447 1233 501 deflorescere,
1254 449 1325 492 hae
1350 463 1457 492 vero
1478 450 1722 493 increscere

223 522 479 574 excoeperunt,
499 518 713 560 lectorum
731 522 903 560 mentes
915 517 1119 560 Velleius
1141 518 1200 560 ad
1221 531 1320 561 eam
1338 532 1448 571 rem,
1470 533 1570 574 quae
1591 533 1724 563 suum

224 588 431 630 ,animum
460 588 742 631 vehementer
772 588 1062 643 percellebat,
1094 589 1301 639 intendit,
1334 589 1411 643 qui
1437 589 1610 632 scilicet
1631 589 1724 632 sac-

233 662 329 699 tum
347 657 420 708 sit,
433 661 482 699 ut
501 670 678 699 summa
696 657 924 699 literarum
941 658 1189 713 artiumque
1206 657 1529 713 cujuscumque
1549 658 1723 711 generis

234 725 446 781 perfectio
465 727 580 768 inter
608 729 845 781 utrumque
880 727 1100 782 populum
1134 730 1318 781 angusto
1345 726 1556 781 temporis
1577 727 1723 781 spatio

222 795 463 855 finiretur?
526 794 666 847 Quod
694 796 757 837 ita
792 795 999 838 evenisse
1033 795 1079 837 in
1109 794 1294 849 singulis
1324 795 1560 849 generibus
1577 794 1722 847 docet,

233 877 489 919 causasque
510 862 707 918 indagat,
729 863 991 919 adjicitque,
1021 863 1141 919 quod
1169 876 1261 905 non
1294 863 1443 905 minus
1474 864 1722 907 mirandum

233 938 345 984 orat,
368 932 638 975 Graecorum
655 932 835 987 ingenia
863 936 999 987 atque
1026 938 1144 974 artes
1171 932 1272 974 unis
1303 930 1492 974 Athenis
1511 933 1603 975 fere
1623 946 1722 975 csse

231 1002 449 1044 inclusas.
492 1000 600 1045 Vid.
635 1012 670 1044 1.
702 1001 855 1044 16-18.
928 1001 1107 1044 Deinde
1141 1005 1246 1056 post
1277 1001 1572 1045 Gracchanas
1608 1002 1724 1044 sedi-

230 1071 390 1122 tiones,
411 1071 532 1113 circa
558 1084 670 1126 quas
703 1071 834 1113 initia
859 1070 1084 1114 literarum
1112 1070 1420 1115 Romanarum
1451 1071 1724 1115 efflorescen-

232 1140 361 1191 tium,
383 1139 588 1194 inprimis
609 1141 817 1183 oratoriae
839 1140 966 1191 artis,
987 1140 1208 1191 incidunt,
1231 1154 1408 1183 summa
1427 1140 1605 1196 ingonia
1626 1154 1726 1183 ora-

231 1214 392 1260 torum,
426 1207 677 1262 poetarum,
714 1212 760 1250 et
795 1208 1108 1250 historicorum
1148 1208 1279 1264 hujus
1310 1212 1354 1250 et
1384 1209 1580 1264 proximi
1620 1212 1721 1259 aevi,

200 1326 202 1328 v
231 1278 355 1321 brevi
386 1289 489 1319 cum
518 1275 714 1332 judicio,
754 1280 995 1319 enumerat.
1041 1275 1150 1319 Vid.
1184 1288 1237 1318 ιι.
1258 1277 1301 1319 9.
1363 1277 1528 1332 Neque
1562 1278 1721 1329 minus,

231 1349 477 1402 postquam
507 1346 704 1388 narratio
737 1345 795 1387 ad
833 1344 1064 1387 Ciceronis
1101 1346 1400 1397 consulatum,
1435 1359 1461 1388 a
1495 1359 1587 1401 quo
1623 1348 1723 1388 inde

231 1415 425 1471 Augusti
445 1420 576 1468 aetas,
596 1418 641 1458 et
659 1414 926 1470 eloquentiae
947 1414 1260 1469 literarumque
1284 1414 1587 1457 Romanarum
1609 1422 1724 1458 cete-

230 1492 376 1527 rarum
397 1497 571 1528 summa
589 1484 805 1540 perfectio
829 1483 1005 1539 incipit,
1036 1483 1174 1540 hujus
1201 1483 1289 1527 aevi
1317 1484 1582 1527 excellentia
1602 1485 1722 1540 inge-

231 1554 306 1596 nia
325 1553 384 1596 ad
406 1567 491 1597 sua
509 1566 655 1609 usque
675 1559 877 1610 tempora
897 1558 1108 1596 recenset.
1170 1552 1275 1596 Vid.
1297 1564 1351 1595 11.
1370 1553 1444 1596 36.

288 1622 319 1665 J
324 1636 395 1666 am
428 1623 675 1675 videamuS‚
711 1623 937 1679 quomodo
967 1628 1012 1666 et
1043 1624 1232 1666 oratoris
1260 1623 1392 1678 quasi
1413 1628 1564 1678 partes
1583 1625 1722 1679 egerit

231 1691 471 1734 historicus
491 1696 663 1735 noster.
725 1691 835 1748 Ipse
866 1692 982 1736 enim
1014 1705 1156 1735 rerum
1189 1693 1309 1736 varie
1333 1691 1624 1735 afficientium
1647 1692 1722 1735 de-

217 1760 375 1803 ·lectus
395 1759 628 1803 incendere
649 1760 841 1804 debebat
868 1761 1066 1804 animum
1089 1761 1342 1814 scribentiS,
1365 1774 1559 1817 eumque
1581 1763 1722 1804 sensi·

218 1829 313 1871 -bus
335 1830 454 1872 varie
474 1830 539 1872 ita
558 1842 855 1881 commovere,
876 1832 926 1872 ut
944 1829 1078 1872 facile
1099 1829 1378 1873 affectionem
1399 1830 1540 1874 verba
1560 1843 1722 1886 seque-

229 1902 396 1949 rentur,
424 1898 611 1942 eandem
645 1899 867 1942 lectorum
902 1899 1063 1942 animis
1094 1898 1367 1943 instillantia.
1428 1899 1522 1942 Hic
1545 1900 1722 1954 gravior

211 1979 375 2010 -rerum
394 1972 701 2010 enarratarum
721 1981 895 2019 sensus,
921 1973 965 2011 et
995 1969 1188 2020 animuS,
1220 1968 1293 2012 vel
1321 1968 1629 2021 admiratione,
1650 1970 1721 2012 vel

229 2035 550 2090 indignatione,
566 2036 638 2078 vel
658 2037 962 2089 miseratione,
977 2037 1049 2079 vel
1067 2036 1229 2079 laetitia
1243 2038 1492 2096 ceterisque
1510 2038 1720 2092 perfusus

229 2105 401 2160 ubique
422 2106 576 2160 spirat,
611 2107 658 2147 et
686 2105 822 2147 variis
843 2104 1206 2161 propositionum
1235 2110 1280 2147 et
1309 2105 1527 2148 orationis
1548 2105 1718 2158 formis,

216 2186 345 2230 ·quas
366 2173 529 2228 figuras
554 2173 802 2229 appellant,
834 2187 1026 2230 quaeque
1058 2172 1326 2218 naturaliter
1356 2175 1555 2217 animum
1584 2175 1717 2218 vehe-

215 2246 400 2286 -menter
428 2241 632 2285 affectum
667 2246 930 2298 sequuntur,
960 2242 1396 2297 interrogationibus,
1425 2242 1718 2287 exclamatio-

226 2310 377 2363 nibus,
398 2310 704 2367 apostrophiS‚
727 2310 984 2367 amphoris,
1004 2311 1335 2367 polysyndetis,
1359 2310 1605 2366 asyndetis,
1634 2314 1722 2355 Sto.

217 2393 332 2424 sese
365 2380 596 2436 patefacit.
658 2381 816 2437 Itaque
849 2386 897 2423 et
929 2381 1105 2423 omnino
1140 2380 1359 2436 majorem
1395 2380 1526 2436 quasi
1561 2393 1717 2424 sonum

227 2449 358 2493 vocis
393 2450 567 2493 addidit
596 2450 816 2502 historiae,
848 2454 897 2493 et
927 2449 1125 2493 maxime
1156 2450 1200 2492 in
1225 2449 1383 2492 ultima
1403 2448 1551 2504 operis
1570 2454 1717 2504 parte,

227 2519 276 2562 in
295 2531 387 2574 qua
414 2520 591 2575 penitus
622 2519 916 2562 admiratione
947 2522 991 2561 et
1021 2519 1190 2574 pietate
1223 2519 1269 2562 in
1298 2517 1557 2572 Augustum
1582 2517 1719 2561 Tibe-

219 2585 431 2643 riumque
451 2588 661 2643 perfusus
680 2592 763 2640 est,
786 2588 846 2630 ad
863 2587 1176 2643 panegyricam
1193 2587 1282 2629 fere
1298 2587 1544 2629 orationem
1564 2599 1718 2640 ascen-

229 2654 312 2698 dit.
374 2655 442 2699 cf.
462 2658 664 2713 inprimis
686 2669 741 2700 11.
762 2657 866 2701 126.
885 2657 986 2700 129.
1006 2670 1076 2712 sq.
1139 2655 1323 2711 Ubique
1343 2656 1477 2698 etiam
1499 2655 1642 2709 aperit
1668 2668 1717 2697 se

229 2722 428 2767 studium
460 2725 803 2781 magnitudinem
844 2737 1002 2768 sensus
1038 2724 1108 2767 sui
1145 2725 1378 2767 verborum
1417 2722 1719 2778 magnitudine

231 2794 520 2848 exaequandi,
561 2794 683 2850 quod
722 2807 1041 2850 nonnunquam
1078 2794 1258 2836 modum
1303 2792 1539 2845 excedere,
1586 2798 1633 2836 et
1669 2792 1718 2837 in

229 2859 560 2920 majusaugere
576 2864 652 2909 vel
673 2877 746 2908 res
763 2864 837 2910 vel
856 2876 1072 2921 personas
1087 2862 1288 2917 videtum
1319 2861 1486 2919 ubique
1503 2861 1717 2914 studium,
