2008 3210
326 241 493 286 lxxxvi

370 355 436 396 egit
449 353 785 396 magnificentissimum
808 355 843 394 ii.
858 360 902 390 40
935 358 1041 390 trium·

373 398 436 440 pho
462 408 552 430 curru
580 397 697 430 Urbem
721 398 863 432 invectus
878 405 926 432 est
947 401 983 440 ii,
999 405 1042 435 30

370 452 473 484 regem
494 441 527 472 in
551 440 708 484 triumpho
733 443 824 474 duxit
844 442 868 482 i,
884 447 905 476 9
927 444 986 487 (cf.
1007 446 1042 483 ii,

369 488 401 517 4.
431 487 482 518 12.
505 488 559 517 65.
602 484 720 527 captivi
763 487 861 519 duces
896 488 1044 531 triumphi

370 534 587 560 ornamentum
609 527 642 566 ii,
658 531 701 562 40
725 529 897 572 triumphus
920 533 1043 564 vinctos

371 572 507 603 hostium
523 573 621 603 duces
643 573 782 604 ostendit
803 573 836 611 ii,
854 577 916 607 121
940 576 1044 608 excisa

372 615 540 648 Germania
567 614 756 657 triumphum
778 617 869 649 ducis
893 618 1044 652 adornare

371 658 484 691 debuit
505 659 538 696 ii,
555 662 619 691 122
642 659 799 702 triumpho
820 661 1043 704 (triumphanti,

370 704 405 734 h.
430 713 459 734 e.
488 701 603 744 victor)
628 713 765 735 reversus
789 710 838 736 est
856 706 897 737 ad
914 717 986 738 suos
1009 707 1043 744 ii,

328 788 493 824 Triumviri
508 789 589 831 agris
611 789 792 822 dividendis
814 791 847 829 ii,
862 795 883 826 2
908 792 1047 825 triumvir

373 834 451 875 reip.
467 833 699 865 constituendae
721 833 755 872 ii,
769 837 812 867 88

330 878 476 911 Troicum
491 876 609 914 bellum
631 876 654 914 i,
670 880 689 908 5

329 922 447 954 Truces
459 920 581 952 feritate
593 925 703 962 gentes
714 919 750 958 ii,
762 923 804 953 95
828 922 906 954 truci
915 922 1046 966 (rigido,

377 962 472 1005 tristi)
488 964 656 1006 supercilio
682 969 850 1006 protegens
875 967 1046 1008 nequitiam

376 1009 412 1046 ii,
428 1009 492 1040 100

331 1051 509 1085 Trucidatae
524 1049 664 1092 legiones
685 1050 720 1088 ii,
736 1054 797 1084 117
821 1051 879 1095 (cf.
901 1051 935 1090 ii,
952 1053 1033 1096 119)

331 1095 426 1128 Tueri
447 1093 632 1137 (sustinere.)
646 1093 833 1136 dignitatem
847 1106 912 1127 non
927 1102 1049 1138 poterat

376 1138 412 1176 ii,
427 1141 470 1171 80
493 1137 656 1179 imperium
683 1138 774 1169 armis
794 1140 962 1171 tuebantur
976 1140 1048 1184 (de-

377 1179 566 1224 fendebant)
598 1181 632 1219 ii,
660 1184 700 1214 15
735 1181 793 1225 (cs.
824 1181 860 1220 ii,
888 1183 978 1227 124).
1016 1183 1048 1215 id

380 1226 533 1258 tuendum
553 1223 771 1268 (servandum)
796 1232 904 1258 censet
935 1227 969 1265 ii,
986 1229 1050 1260 130

377 1269 418 1301 ad
442 1280 475 1302 se
497 1269 729 1310 exercitumque
751 1270 901 1302 tuendum
913 1269 1048 1313 (susten-

378 1314 522 1350 tandum,
545 1312 709 1354 alendum)
734 1318 824 1355 rapto
849 1314 994 1346 utebatur
1016 1315 1050 1352 ii,

334 1399 506 1442 Tugurium
556 1399 714 1431 ruinarum
758 1399 1051 1443 Carthaginensium

378 1444 476 1488 (inter
489 1443 594 1475 ruinas
609 1443 664 1486 C.)
687 1443 722 1480 ii,
739 1446 779 1476 19

334 1486 462 1518 Tumuli
477 1486 622 1529 gentilitii
638 1487 797 1528 sepultura
807 1487 859 1528 (in
872 1487 993 1519 tumulo
1003 1487 1051 1531 g.)

379 1531 567 1566 honoratum
581 1535 630 1562 est
643 1535 739 1572 caput
753 1530 830 1562 Vari
850 1531 884 1568 ii,
901 1534 965 1564 119

333 1572 556 1608 'tumultuatur
579 1573 660 1606 inter
685 1574 799 1606 ducem
819 1578 853 1605 et
875 1574 1052 1616 supplicem

379 1617 455 1661 (per
490 1617 587 1648 animi
615 1617 880 1659 perturbationem
908 1618 1051 1656 fluctuat,

379 1662 495 1695 ducem
522 1665 606 1702 agat,
640 1670 682 1692 an
710 1659 904 1703 supplicem)
948 1662 981 1699 ii,
1008 1665 1052 1695 79

382 1704 533 1747 quicquid
550 1703 770 1736 tumultuando
786 1703 919 1746 adipisci
939 1705 1053 1747 gestie-

381 1753 454 1779 runt
475 1748 510 1785 ii,
525 1751 544 1781 7
568 1748 627 1790 (cf.
650 1747 683 1785 ii,
699 1746 738 1786 6)

338 1791 505 1824 Tumultus
542 1790 683 1824 militaris
719 1790 900 1823 incendium
937 1791 972 1830 ii,
990 1795 1052 1826 126

383 1835 552 1867 tumultum
578 1834 726 1869 bellicum
754 1834 788 1865 in
818 1835 899 1876 agris
926 1846 1054 1868 movens

382 1879 418 1915 ii,
432 1881 475 1913 68
498 1878 604 1913 omnia
618 1878 711 1911 armis
727 1877 927 1920 tumultuque
951 1880 1053 1923 (bello

384 1921 576 1964 domestico)
591 1922 742 1954 miscebat
764 1921 798 1958 ii,
815 1924 858 1954 74

340 1964 485 2007 Turpiter
507 1965 558 2009 (in
583 1964 652 2007 ejus
680 1964 836 2008 dedecus)
862 1965 1056 2008 deprehensa

383 2014 432 2042 est
453 2008 523 2050 ejus
548 2009 670 2041 vanitas
705 2007 740 2046 ii,
764 2011 807 2041 60
841 2011 927 2051 quod
953 2010 1056 2043 facere

385 2057 440 2084 aut
470 2052 535 2094 pati
566 2051 697 2094 turpiter
727 2051 920 2094 (inhoneste,
952 2054 1056 2086 libidi-

385 2094 480 2139 nose)
494 2101 601 2138 posset
615 2095 744 2128 soemina
766 2095 802 2133 ii,
819 2099 882 2129 100

340 2139 516 2181 Turpitudo
531 2138 701 2182 (pravitas)
716 2139 834 2181 ingenii
855 2139 889 2177 ii,
906 2143 949 2172 69

341 2182 454 2217 Tutela
467 2183 590 2226 imperii
603 2183 782 2227 (imperium
806 2183 1057 2227 defendendum)

386 2227 627 2259 eum—reduxit
649 2227 682 2258 in
709 2225 911 2260 Germaniam
942 2226 977 2264 ii,
994 2231 1056 2261 105

387 2270 420 2303 in
445 2270 576 2302 tutelam
597 2270 772 2303 securitatis
796 2271 932 2302 advocat
956 2271 990 2302 S.
1018 2271 1057 2303 P.

387 2314 430 2352 Q.
444 2313 488 2345 R·
502 2315 588 2356 quod
606 2325 662 2345 usu
678 2313 832 2356 optimum
856 2314 1003 2357 intelligit
1023 2314 1057 2352 ii,

341 2401 519 2433 Tutissimae
546 2400 623 2434 locis
651 2405 761 2443 gentes
796 2400 830 2438 ii,
857 2403 899 2434 95
931 2401 990 2444 (cf.
1024 2402 1057 2439 ii,

682 2574 724 2606 V.

344 2663 471 2697 vacant
485 2661 656 2702 latrociniis
679 2660 861 2703 provinciae.
885 2671 955 2702 quae
982 2671 1062 2692 nun-

390 2717 485 2748 quam
498 2710 683 2740 vacaverant
697 2704 837 2739 maximis
848 2705 938 2737 bellis
947 2705 1062 2746 (cessa-

389 2755 465 2783 runt
493 2750 537 2782 ibi
566 2748 742 2788 latrocinia,
766 2748 821 2780 ubi
849 2747 928 2790 etc.)
960 2747 996 2787 ii,
1020 2751 1063 2780 90

392 2793 504 2827 decem
517 2793 593 2826 anni
607 2794 668 2826 hoc
682 2802 810 2824 munere
830 2796 1020 2824 vacaverunt
1041 2791 1063 2829 i,

394 2838 436 2868 14
458 2841 606 2879 tanquam
626 2835 752 2869 animus
777 2835 851 2867 huic
866 2836 921 2868 uni
935 2835 1063 2877 negotio

394 2885 518 2920 vacaret
542 2879 637 2923 (liber
661 2883 744 2910 esset
766 2890 785 2911 a
808 2878 907 2921 curis)
938 2878 974 2917 ii,
1000 2881 1062 2912 114

995 258 1158 293 ΙΝΒΒΧ

1136 368 1202 392 noa
1216 361 1339 393 vacavit
1370 370 1434 394 aon
1447 362 1545 395 otium
1560 361 1640 406 fuit)
1650 361 1805 399 Benni-

1136 402 1275 436 colonias
1289 414 1350 440 con
1373 415 1424 437 ere
1447 405 1469 443 i.
1486 410 1526 439 15
1549 406 1608 450 (cf.
1630 406 1665 445 ii,
1680 406 1761 451 12⁴)

1092 445 1317 480 Vacillantium
1340 448 1391 490 (in
1419 449 1500 493 fide)
1525 451 1664 493 gentium
1684 451 1805 484 nimos

1136 491 1332 523 confirmavit
1353 492 1388 530 ii,
1402 495 1466 525 120

1093 532 1203 565 Vacua
1218 534 1403 578 (praesidiis)
1425 536 1528 568 vicino
1550 536 1633 569 hosti
1658 536 1758 570 Italis-
1772 537 1807 575 ii.

1093 618 1202 662 Vagus
1225 620 1329 653 adhuc
1354 620 1592 663 (circumerrans
1607 634 1679 656 cum
1693 623 1806 662 elme,

1135 664 1284 700 incertus,
1307 674 1385 706 quas
1399 671 1501 707 partes
1521 667 1717 710 sequeretur)
1737 667 1808 700 Do-

1139 707 1245 738 mitius
1269 707 1302 745 ii,
1317 710 1361 740 76
1665 738 1668 740 ,

1094 749 1254 782 Valetudo
1280 751 1313 781 in
1339 751 1475 783 deterius
1501 752 1652 784 inclinata
1681 753 1716 792 ii.
1745 756 1808 788 128

1140 794 1319 825 valetudine
1352 795 1598 836 ingravescente,
1626 794 1705 836 ibid,
1724 800 1808 840 ''gra-

1139 837 1266 868 vissima
1291 842 1429 870 tentatus
1453 838 1486 876 ii,
1508 841 1552 872 48
1583 839 1809 874 infirmissimus

1139 879 1176 917 ii,
1194 883 1237 913 70

1095 923 1241 956 Validius
1267 924 1369 956 timeri
1389 924 1424 963 ii,
1439 928 1484 958 29
1515 925 1649 958 validius
1677 925 1808 969 diligere

1139 966 1175 1003 ii,
1190 970 1234 999 98

1097 1010 1232 1042 Validus
1247 1021 1309 1042 vn.
1325 1010 1501 1052 legionibus
1522 1011 1558 1050 ii,
1573 1015 1618 1046 69

1097 1053 1280 1086 Valuissent
1293 1053 1453 1097 (efficaces
1467 1054 1617 1099 fuissent)
1626 1056 1656 1089 si
1663 1055 1698 1090 iss
1707 1057 1812 1099 ipsum

1143 1108 1252 1129 eorum
1266 1099 1483 1131 execrationes
1504 1099 1538 1136 ii,
1552 1102 1596 1132 46
1704 1117 1706 1119 v

1099 1140 1294 1173 Vanissimus
1315 1141 1469 1185 (inflatus,
1492 1142 1655 1185 arrogans)
1675 1143 1813 1176 omnium

1145 1184 1193 1215 vir
1215 1184 1248 1222 ii,
1264 1188 1308 1217 80

1100 1227 1232 1259 Vanitas
1247 1227 1321 1270 (sel.
1336 1228 1535 1271 mentientis)
1557 1228 1592 1267 ii,
1607 1232 1650 1263 60

1101 1270 1229 1303 Variare
1244 1272 1364 1314 aliquid
1379 1283 1417 1304 ex
1432 1273 1525 1304 solito
1547 1272 1582 1310 ii,
1597 1275 1638 1306 41
1663 1273 1815 1305 var'ntum

1144 1319 1193 1346 est
1207 1314 1321 1356 praeliis
1342 1315 1376 1353 ii,
1391 1319 1433 1348 51
1457 1314 1515 1359 (cf.
1526 1315 1551 1354 i,
1562 1315 1599 1357 9)

1101 1357 1196 1390 Varie
1222 1358 1323 1401 (varia
1342 1359 1483 1401 fortuna)
1506 1370 1650 1402 possessa
1661 1359 1819 1402 Hispanis

1144 1400 1180 1438 ii,
1197 1404 1240 1434 38
1262 1402 1346 1435 varie
1361 1402 1470 1446 (variis
1486 1402 1640 1446 moribus)
1662 1414 1700 1436 se
1722 1402 1819 1445 gessit

1145 1445 1178 1481 ii,
1197 1447 1258 1477 101

1101 1487 1199 1519 Vario
1213 1489 1375 1531 multoque
1391 1489 1497 1522 Marte
1513 1494 1632 1532 pacatae
1652 1489 1817 1532 Hispania

1143 1531 1179 1568 ii,
1194 1535 1237 1564 90
1259 1531 1345 1564 varia
1366 1532 1491 1564 fortuna
1511 1544 1582 1565 cum
1597 1544 1677 1566 coss.
1689 1533 1818 1565 conflix-

1146 1579 1213 1606 erat
1233 1574 1258 1613 i,
1273 1579 1294 1608 9
1316 1575 1375 1617 (cf.
1389 1575 1545 1619 Fortuna)
1760 1606 1763 1607 ⁷

1104 1617 1217 1649 vastat
1231 1629 1321 1661 agros
1342 1619 1375 1656 ii,
1393 1622 1456 1652 120
1479 1619 1586 1653 omnia
1597 1619 1665 1663 igni
1675 1620 1819 1662 ferroque

1146 1667 1269 1695 vastata
1289 1663 1324 1700 ii,
1341 1665 1407 1695 110

1104 1704 1239 1737 Uberius
1276 1705 1499 1749 (fructuosius)
1529 1705 1691 1748 praemium
1723 1705 1820 1739 occisi

1146 1748 1246 1780 hostis
1267 1749 1302 1787 ii,
1316 1752 1359 1782 28
1383 1750 1538 1782 uberiores
1551 1749 1670 1782 reditus
1690 1750 1727 1788 ii,
1740 1754 1782 1784 81

1105 1790 1240 1825 Ubertas
1255 1792 1455 1837 (proventus,
1477 1793 1640 1835 nurnems)
1654 1794 1820 1836 poetarum

1147 1835 1171 1872 i,
1188 1838 1230 1869 17

1104 1876 1295 1913 Vehiculum
1309 1878 1495 1922 (jumentis)
1506 1879 1654 1922 junctum
1670 1880 1791 1918 inm

1104 1920 1219 1958 Velare
1234 1933 1268 1955 se
1282 1923 1436 1956 honorum
1457 1924 1631 1966 insignibus
1651 1923 1687 1961 ii,
1700 1927 1742 1957 71
1766 1934 1822 1957 ve·

1149 1965 1231 1998 latus
1258 1966 1347 2009 pullo
1375 1967 1512 1999 amiculo
1551 1967 1586 2005 ii,
1615 1969 1659 2000 80
1694 1973 1823 2002 croceis

1150 2019 1245 2043 aurea
1265 2010 1300 2048 ii,
1315 2013 1358 2043 82

1106 2051 1219 2085 Velle:
1244 2064 1316 2086 cum
1344 2053 1484 2086 actiones
1511 2053 1580 2096 ejus
1604 2053 1704 2096 magis
1727 2054 1822 2087 vellet

1149 2097 1314 2139 impedire,
1351 2108 1446 2140 quam
1482 2103 1588 2139 posset
1621 2097 1658 2136 ii,
1687 2100 1730 2131 44
1768 2098 1823 2143 qui

1150 2140 1825 2228 {Liqfsssi‘ffidssssiissz‘A‘f'iffiss‘ssolssi

1152 2229 1279 2259 modum
1301 2228 1334 2266 ii,
1349 2231 1392 2261 45
1415 2228 1468 2259 Sic
1490 2227 1525 2265 ii,
1546 2231 1620 2260 120.
1643 2238 1716 2260 cum
1729 2228 1827 2260 vellet

1152 2277 1185 2303 et
1199 2282 1263 2313 quo
1278 2272 1374 2304 vellet
1395 2270 1431 2309 ii,
1446 2275 1489 2304 51
1513 2271 1628 2313 quibus
1641 2271 1738 2304 vellet
1751 2271 1824 2315 (cu-

1175 2315 1256 2357 eret)
1280 2315 1473 2356 principatus
1498 2313 1679 2347 conciliaret
1707 2313 1744 2353 ii,
1761 2317 1825 2348 128
1869 2338 1871 2340 -

1152 2325 1235 2390 Eune
1260 2358 1377 2390 exitum
1401 2358 1452 2389 Μ.
1474 2358 1565 2389 Bruti
1591 2358 1724 2399 partium
1749 2357 1825 2390 For-

1154 2408 1233 2434 tuna
1259 2412 1327 2434 esse
1358 2401 1460 2433 voluit
1488 2400 1686 2444 (constituit)
1722 2401 1758 2439 ii,
1781 2404 1825 2434 ‘12

1153 2445 1204 2476 Ita
1226 2445 1260 2483 ii,
1275 2448 1349 2477 102.
1397 2444 1527 2476 Vatinio
1543 2444 1684 2477 volentes
1699 2445 1826 2488 (luben-

1154 2494 1201 2520 ter
1226 2499 1259 2520 se
1286 2488 1458 2531 dedentes)
1487 2488 1628 2531 legiones
1657 2493 1826 2521 extorserat

1153 2533 1187 2570 ii,
1202 2535 1246 2565 69
1269 2543 1289 2564 a
1315 2531 1491 2564 volentibus
1516 2533 1646 2575 (sponte
1667 2531 1828 2570 offerentis

1155 2575 1230 2618 bus)
1254 2575 1462 2619 quaestoribus
1477 2575 1627 2618 pecunias
1641 2581 1828 2618 acceperant

1155 2619 1188 2658 ii,
1204 2623 1248 2652 62
1347 2642 1352 2647 -

1114 2662 1293 2695 Velocitate
1309 2662 1450 2705 pernices
1473 2661 1507 2699 ii,
1523 2664 1567 2694 34

1113 2706 1244 2738 Venalis
1268 2706 1411 2749 (operam
1437 2712 1526 2738 suam
1548 2705 1649 2747 pretio
1670 2704 1828 2748 vendens)

1158 2750 1192 2788 ii,
1207 2753 1250 2784 33
1273 2751 1308 2782 in
1322 2749 1428 2782 omnia
1442 2754 1475 2781 et
1489 2749 1526 2780 in
1538 2749 1682 2782 omnibus
1703 2748 1739 2787 ii,
1754 2751 1796 2782 83

1114 2793 1275 2825 Venderet
1298 2793 1409 2836 quanti
1429 2803 1463 2824 se
1486 2792 1623 2836 (quanto
1645 2802 1703 2834 pro
1726 2791 1828 2834 pretio

1160 2837 1308 2869 deficeret
1321 2837 1362 2868 ad
1373 2836 1491 2868 alienas
1500 2834 1620 2878 partes)
1641 2835 1675 2873 ii,
1687 2839 1727 2868 51
1752 2846 1829 2867 ven·

1159 2881 1254 2912 dente
1283 2879 1442 2922 (venalem
1471 2879 1618 2917 habente,
1641 2889 1698 2922 pro
1728 2879 1828 2921 pretio
