2008 3210
374 268 503 313 lxxiv

409 391 446 456 1⁸⁶
448 380 519 456 ⁰¹33
541 378 930 464 ‘Lsssszfizsss'fssssss‘ssaffiz
941 378 1082 455 ¹335*ss

415 468 514 498 forma
535 466 571 503 ii,
582 469 646 499 129
669 465 833 508 proposuit
843 465 938 508 (sibi)
953 466 1082 509 AEgyp-

414 515 481 541 tum
493 514 600 552 petere
621 509 655 547 ii,
671 512 713 542 53
738 509 897 552 proposito
921 510 1026 540 firmus
1047 509 1083 547 ii,

414 556 457 586 63
481 563 547 585 non
561 553 726 585 deterritus
739 551 898 595 proposito
920 552 955 590 ii,
968 556 987 584 5
1011 560 1083 595 pro-

390 595 519 641 „amito
534 596 642 639 (vitae)
667 596 878 628 sanctissimus
908 595 944 634 ii,
958 598 980 628 2
1012 606 1083 638 pro-

382 635 512 683 *f‘positi
526 639 629 682 operis
643 640 751 681 regula
772 639 806 677 ii,
826 642 868 672 38
900 638 959 682 (cf.
973 639 1007 676 ii,
1022 639 1083 681 49)

372 683 513 726 Propriae
537 683 643 715 classis
666 683 730 714 dux
759 683 870 725 (quam
889 693 954 714 non
975 682 1085 714 alienis

416 726 565 769 auspiciis
573 726 727 769 ducebat)
749 725 784 764 ii,
795 730 839 758 76
861 725 994 768 propriae
1009 726 1085 768 (do-

416 769 572 812 mesticae)
603 769 782 811 juventutis
806 779 967 811 nunquam
997 769 1087 811 plura

417 823 512 855 quam
529 823 564 844 x.
587 813 686 844 millia
700 813 828 844 armavit
842 813 910 844 haec
925 813 998 844 urbs
1020 813 1053 850 ii,
1066 816 1083 845 1

417 857 550 899 propriis
563 855 711 898 auspiciis
725 856 808 898 (non
830 855 968 898 Augusti
982 860 1016 887 et
1033 856 1088 887 Ti-

418 899 496 931 berii
511 901 569 931 sub
584 899 749 943 auspiciis)
774 900 800 931 si
823 910 862 931 ea
885 899 1030 941 gessisset
1052 899 1086 937 ii,

374 986 504 1028 Proprie
538 985 714 1029 (inprimis)
740 985 928 1028 eloquentiae
960 985 1087 1017 nomine

418 1029 571 1062 celebrior
591 1029 625 1066 ii,
640 1031 662 1061 9

377 1074 483 1106 Prosae
498 1072 688 1115 eloquentiae
704 1072 801 1104 decus
822 1071 846 1109 i,
862 1074 903 1104 17

378 1116 574 1150 Proscribere
587 1115 655 1165 (et)
670 1114 861 1157 Prosci-iptio
877 1115 1001 1157 (fiebat,
1016 1125 1089 1156 pro·
1139 1117 1142 1121 '

419 1160 575 1204 ponendis
599 1169 633 1190 in
648 1159 756 1190 tabula
770 1158 886 1190 civium
900 1159 1088 1190 interficien-

420 1201 531 1235 dorum
557 1202 748 1239 nominibus,
770 1201 904 1244 praemiis
926 1212 1088 1243 percusso-

421 1246 507 1278 ribus
523 1245 698 1288 promissis)
721 1245 756 1283 ii,
771 1248 815 1278 28

378 1289 583 1331 Prosequitur
609 1293 735 1320 senatus
762 1288 946 1321 Ciceronem
962 1289 1090 1319 domum

420 1332 457 1371 ii,
473 1336 514 1365 35
538 1332 706 1375 praesentia
719 1331 851 1370 invidia,
866 1331 1023 1373 praeterita
1037 1342 1091 1362 ve-

423 1375 585 1408 neratione
609 1374 824 1418 prosequimur
859 1374 894 1412 ii,
909 1377 952 1407 92
985 1385 1090 1416 prose-

422 1430 554 1462 quamur
567 1419 748 1462 (pergamus
768 1418 827 1461 ad)
849 1422 933 1449 notae
945 1417 1091 1450 severita-

423 1468 488 1495 tem
502 1473 665 1495 censorum
685 1462 721 1500 ii,
738 1465 780 1494 10

381 1505 584 1539 Prosternens
597 1516 631 1538 se
646 1505 797 1547 juventus
809 1503 980 1546 (hostium)
1003 1502 1091 1545 geni-

423 1550 483 1581 bus
516 1548 710 1598 imperatoris
742 1547 777 1585 ii,
810 1550 874 1580 114
921 1551 1091 1589 prostratus

426 1591 550 1635 (caede)
563 1597 730 1633 imperator
743 1590 905 1633 (Cassius)
927 1590 963 1628 ii,
978 1592 1021 1622 70

381 1634 543 1678 Protegite
552 1634 743 1678 (custodite)
763 1635 847 1665 hunc
863 1638 990 1670 statum,
1009 1634 1092 1664 hanc

424 1689 536 1721 pacem
560 1678 636 1722 (Dii
649 1678 676 1720 !)
702 1677 737 1715 ii,
754 1679 816 1710 131
840 1681 1008 1719 protegens
1020 1676 1093 1719 (ab-

424 1721 598 1764 scondens)
622 1721 794 1763 nequitiam
818 1720 986 1762 supercilio
1013 1719 1093 1752 truci

425 1764 461 1803 ii,
478 1768 541 1798 100
563 1765 622 1808 (cf.
637 1763 861 1807 Supercilium)

384 1807 615 1840 Protexi-mina
637 1818 693 1839 sua
713 1806 878 1849 (opprimi,
905 1807 1006 1848 perire
1036 1816 1093 1837 suo

427 1851 494 1884 solo
507 1851 615 1890 exitio,
630 1862 696 1883 non
709 1861 772 1882 una
791 1861 863 1883 cum
875 1849 1036 1892 omnibus)
1058 1849 1094 1887 ii,

383 1936 568 1970 Protrahere
602 1936 654 1980 (in
690 1936 810 1979 lucem)
855 1935 1094 1978 publicanorum

426 1980 551 2013 fraudes
573 1980 608 2018 ii,
623 1983 667 2013 92

385 2022 559 2057 Provehere
584 2025 618 2055 in
632 2023 793 2056 consulare
819 2021 978 2064 fastigium
1006 2020 1040 2058 ii,
1052 2023 1095 2053 69

446 2068 487 2100 cf.
501 2067 525 2099 ii
549 2070 612 2101 128

384 2068 559 2143 Prgvidex'u
581 2067 671 2148 ii‚)88
702 2109 848 2152 providet
868 2107 991 2151 (curat)
1021 2117 1095 2150 sup·

429 2154 622 2196 plementum
643 2153 679 2191 ii,
694 2156 758 2186 130

384 2195 593 2230 Providentia
605 2196 695 2229 ducis
716 2195 751 2234 ii,
763 2198 825 2229 115
848 2205 908 2227 nec
923 2193 1012 2237 segni
1024 2204 1095 2236 pro-

431 2240 572 2272 videntia
586 2240 635 2272 usi
656 2239 690 2278 ii,
707 2243 771 2272 120

384 2280 583 2316 'Provinciam
610 2284 713 2315 facere
741 2282 775 2320 ii,
803 2284 846 2313 38
878 2291 954 2324 gens
976 2280 1010 2311 in
1034 2280 1096 2310 for-

428 2328 546 2359 mulam
561 2326 731 2369 provinciae
745 2326 872 2357 redacta
891 2323 926 2361 ii,
943 2326 985 2356 37
1007 2323 1097 2354 rede·

430 2370 477 2413 git
491 2370 631 2402 Africam
654 2369 689 2408 ii,
706 2372 748 2402 38
779 2368 812 2400 in
828 2369 955 2399 formam
972 2366 1098 2408 provin-

429 2412 489 2446 ἀπ’,
503 2413 713 2456 stipendiariae
727 2412 866 2454 redigere
894 2409 929 2447 ii.
945 2412 987 2442 97
1026 2419 1098 2450 pro·

384 2466 386 2468 ’
430 2455 546 2488 vinciae
557 2457 590 2488 in
603 2455 715 2499 populi
727 2454 771 2486 R.
786 2457 974 2496 potestatem
990 2453 1098 2483 redac-

432 2504 474 2531 ¹:ae
498 2499 533 2539 ii,
544 2503 585 2533 37
619 2498 780 2542 provincia
799 2497 894 2530 alicui
916 2497 1042 2527 decreta
1062 2495 1097 2532 ii,

431 2546 475 2576 60
511 2543 681 2592 provincia
717 2546 890 2584 prorogatae
927 2539 957 2570 ei
992 2538 1027 2575 ii,
1053 2541 1097 2570 46

431 2587 602 2628 provinciae
619 2590 699 2617 sorte
724 2585 850 2616 remissa
872 2582 908 2620 ii,
925 2585 987 2615 111
1025 2592 1098 2623 pro-

433 2628 544 2662 vinciae
555 2629 681 2661 titulum
690 2627 822 2659 retinere
843 2626 879 2664 ii,
893 2629 936 2658 49
972 2625 1098 2667 provin-

432 2672 489 2704 ciis
514 2673 556 2704 ad
575 2672 739 2704 visendum
765 2670 859 2703 obitis
891 2668 925 2707 ii,
942 2672 1003 2701 101
1038 2667 1098 2710 (cf.

431 2715 559 2759 Obire).
605 2716 647 2747 ad
676 2714 821 2747 visendas
848 2711 1099 2753 ordinandasque

431 2758 607 2800 provincias
618 2759 730 2791 missus
741 2757 776 2796 ii,
789 2760 832 2791 94
854 2754 1024 2799 provinciae
1035 2759 1098 2786 tam

433 2801 649 2841 diffusoefftam
673 2802 864 2844 frequentes,
884 2803 949 2831 tam
969 2798 1043 2830 ferae
1064 2797 1099 2836 ii,

383 2851 385 2853 ’
432 2845 478 2876 90
500 2844 668 2886 provinciis
676 2845 847 2877 honoratus
869 2842 904 2881 ii,
918 2844 984 2875 100

1027 277 1189 309 ΙΝὩΕΧ

1131 378 1343 410 Provocantes
1371 376 1448 408 alter
1477 375 1607 407 alterum
1637 375 1755 419 injuria
1781 378 1840 423 (ad

1174 426 1332 452 certarnen
1351 420 1431 463 juris
1454 429 1558 452 coram
1578 421 1785 466 proconsule)
1806 422 1842 460 ii,

1132 517 1170 537 ex
1183 507 1410 539 Provocatione
1425 507 1545 538 hostem
1558 504 1718 538 interemit
1737 507 1761 546 i,
1778 511 1822 541 12

1132 550 1277 582 Proxime
1306 550 1463 593 (proximo
1486 549 1575 591 loco)
1601 559 1620 580 a
1645 549 1844 583 nobilissimis

1176 604 1214 626 ac
1236 592 1448 626 sacerdotibus
1478 593 1549 624 viris
1578 591 1613 630 ii,
1636 596 1699 627 124
1725 593 1784 637 (cf.
1809 593 1844 633 ii,

1176 636 1250 686 ⁵.9)·
1273 647 1344 688 cum
1362 636 1451 675 alias,
1473 642 1540 668 tum
1561 635 1700 678 proxime
1713 637 1846 680 (nuper-

1134 680 1416 755 Prlolxixi'glrsn'lggils
1440 722 1481 754 ab
1509 722 1570 753 hac
1598 727 1686 764 parte
1722 722 1758 762 ii,
1781 726 1846 757 100

1177 767 1317 808 proximo
1329 777 1412 798 anno
1427 765 1462 803 ii,
1475 767 1550 798 109.
1565 768 1618 797 51.
1633 768 1676 798 87
1712 766 1847 805 rotimus

1178 809 1313 842 dictator
1339 814 1548 853 postauam,
1573 818 1667 850 quam
1720 808 1847 842 annibal

1178 853 1273 885 Italia
1296 856 1469 885 excesserat
1489 850 1525 888 ii,
1536 853 1579 883 28
1604 851 1763 900 proximus
1788 863 1847 884 no-

1180 895 1256 927 mini
1271 907 1308 928 ac
1323 897 1455 927 sortunae
1465 905 1572 926 eorum
1583 904 1629 926 vu
1642 893 1716 938 (scl-
1730 905 1848 938 cogna-

1179 939 1266 971 tione
1287 944 1321 971 et
1342 937 1533 979 honoribus)
1563 938 1598 975 ii,
1615 941 1677 971 114
1710 937 1849 972 Homero

1180 983 1283 1025 operis
1298 983 1481 1015 auctoritate
1491 980 1650 1012 Hesiodus
1671 981 1725 1019 i‚⁷
1748 980 1848 1025 (Inde

1179 1025 1302 1068 explica
1323 1026 1359 1064 ii,
1383 1026 1455 1067 36).
1482 1024 1639 1066 proximus
1658 1023 1750 1056 Bruti
1770 1025 1851 1058 css-

1179 1069 1280 1111 siique
1302 1067 1480 1101 auctoritati
1499 1068 1674 1110 (secundus
1702 1076 1722 1098 a
1749 1067 1850 1100 Bruto

1180 1112 1384 1154 auctoritate)
1419 1112 1455 1149 ii,
1472 1114 1513 1143 71
1547 1109 1688 1152 proxima
1705 1110 1849 1144 fratemae

1180 1156 1316 1198 corporis
1328 1155 1533 1197 pulchritudo*
1549 1154 1632 1196 (fere
1653 1152 1728 1196 par)
1759 1154 1794 1192 ii,
1805 1158 1848 1188 97

1180 1198 1340 1240 proximus
1365 1209 1384 1230 a
1416 1199 1476 1231 Cn.
1510 1197 1676 1247 Pompeio,
1718 1197 1851 1240 ipsoque

1181 1241 1305 1274 Caesare
1322 1243 1378 1284 (ex
1388 1241 1524 1284 equestri
1537 1241 1645 1273 ordme
1658 1241 1768 1272 consul
1778 1246 1852 1283 post

1181 1285 1220 1316 P.
1234 1291 1268 1317 et
1281 1284 1477 1327 Augustum)
1499 1283 1534 1321 ii,
1547 1286 1592 1316 76

1138 1327 1312 1360 Prudentia
1326 1328 1472 1371 (peritia)
1492 1337 1593 1359 rerum
1617 1326 1796 1358 militarium
1818 1325 1853 1365 ii,

1182 1375 1226 1405 29
1249 1371 1417 1413 prudentia
1431 1370 1611 1414 (intellectu
1621 1369 1700 1412 hoc)
1714 1370 1773 1402 hac
1788 1369 1852 1402 co-

1181 1415 1363 1446 rinthiorum
1406 1414 1461 1445 illa
1493 1413 1706 1454 imprudentia
1746 1414 1855 1446 decori

1182 1458 1311 1500 publico
1326 1456 1561 1489 convenientior
1582 1455 1605 1493 i,
1621 1459 1663 1489 1³

1140 1501 1329 1533 Prudentior
1339 1499 1470 1533 consilio
1493 1499 1528 1537 ii,
1539 1502 1582 1532 50

1139 1544 1272 1576 Publica
1310 1544 1479 1575 auctoritas
1504 1541 1612 1585 (scri)
1631 1542 1667 1579 ii,
1689 1545 1732 1575 62
1777 1554 1855 1575 con-

1187 1588 1295 1619 cordia
1308 1586 1478 1630 (civitatis)
1501 1586 1535 1623 ii,
1548 1588 1592 1617 48
1629 1585 1758 1616 violatio
1778 1586 1854 1619 fidei

1185 1631 1220 1668 ii,
1237 1634 1253 1662 l
1278 1631 1403 1662 libertas
1415 1628 1529 1673 (reip.)
1550 1628 1584 1665 ii,
1600 1631 1642 1661 40
1666 1629 1800 1670 pecunia
1808 1630 1853 1662 ci-

1185 1673 1330 1705 vitatium
1345 1673 1401 1717 (ex
1417 1672 1545 1715 publico
1560 1682 1589 1703 c.
1604 1670 1720 1704 collata
1760 1671 1796 1710 ii,
1809 1674 1854 1705 42

1186 1717 1312 1748 fortuna
1325 1716 1453 1759 publica
1465 1714 1621 1758 (conditio
1643 1714 1687 1746 rei
1712 1736 1721 1745 .
1761 1713 1797 1754 ii,
1812 1718 1855 1748 86

1187 1760 1276 1791 ruina
1287 1770 1320 1802 p.
1335 1759 1396 1802 (rei
1412 1757 1565 1802 publicae)
1574 1758 1609 1795 ii,
1619 1760 1660 1790 91
1738 1757 1856 1800 [ἱροὺ-

1187 1803 1240 1835 lici
1279 1802 1430 1846 (civitatis
1459 1800 1707 1843 Campanorum)
1751 1801 1786 1837 ii.
1811 1805 1854 1835 81

1188 1846 1322 1889 publicis
1359 1845 1454 1877 literis
1490 1844 1620 1888 (tabulis
1652 1844 1807 1878 rationum·
1836 1855 1857 1876 a

1188 1890 1394 1932 quaestoribus
1409 1889 1450 1920 ad
1460 1888 1599 1920 aerarium
1608 1887 1858 1930 reddendarum)

1188 1933 1343 1975 descripta
1358 1932 1494 1974 pecunia
1514 1931 1548 1969 ii,
1559 1933 1600 1964 37
1623 1930 1750 1973 publica
1759 1931 1857 1974 (pub-

1189 1977 1251 2008 lico
1279 1975 1401 2018 sumtu)
1425 1975 1584 2017 sepultura
1610 1973 1763 2005 honorata
1787 1971 1856 2006 c'or-

1190 2030 1267 2062 pora
1287 2020 1322 2056 ii,
1337 2021 1380 2051 62
1411 2018 1539 2061 publica
1566 2027 1624 2049 vox
1647 2016 1759 2049 Cicero
1772 2017 1856 2060 (ora-

1191 2068 1239 2094 tor
1259 2060 1420 2104 publicus)
1449 2061 1484 2100 ii,
1497 2064 1542 2094 66
1572 2061 1606 2092 id
1631 2059 1756 2102 publica
1772 2070 1857 2092 ‘voce

1207 2106 1342 2140 civitatis
1356 2103 1474 2148 omnis)
1487 2104 1601 2136 dixisse
1614 2102 1715 2135 liabeo
1745 2102 1780 2140 ii,
1793 2106 1856 2135 124

1190 2106 1248 2192 ἑοῖ.
1274 2150 1308 2187 ii,
1325 2147 1413 2190 131).
1427 2147 1562 2190 publicis
1582 2145 1727 2190 (populi)
1751 2145 1857 2177 usibus

1191 2192 1347 2224 destinare
1369 2192 1403 2229 ii,
1414 2194 1457 2223 81

1149 2236 1392 2267 Publicanorum
1420 2234 1492 2277 (qui
1515 2232 1730 2283 conduxerant
1759 2231 1857 2263 vecti-

1149 2275 1860 2371 p253}22&¹533ffiffissssziitszzfissm

1190 2365 1307 2396 Tiberii
1324 2364 1359 2402 ii,
1376 2366 1439 2395 114

1149 2407 1294 2450 Pug'nam
1308 2406 1511 2449 perniciosam
1523 2404 1636 2436 inierat
1659 2404 1681 2441 i,
1695 2407 1719 2436 9

1150 2452 1301 2492 Pugnans
1316 2449 1544 2494 (contendens)
1569 2457 1641 2479 cum
1665 2446 1789 2480 Caesare
1811 2457 1860 2479 se-

1193 2499 1285 2525 natus
1296 2493 1495 2535 populusque
1510 2490 1607 2522 Rom.
1629 2488 1664 2528 ii,
1680 2492 1744 2523 124

1150 2537 1243 2569 Pullo
1271 2538 1368 2581 (atro,
1383 2534 1522 2579 lugubri)
1536 2533 1656 2566 velatus
1669 2533 1804 2566 amiculo
1826 2533 1861 2572 ii,

1150 2624 1293 2661 Putares,
1307 2623 1426 2667 Syllam
1440 2621 1563 2653 venisse
1577 2620 1611 2652 in
1631 2618 1769 2657 Italiam,
1795 2628 1861 2650 non

1195 2667 1268 2700 belli
1290 2666 1456 2704 vindicem,
1486 2669 1547 2696 cet.
1569 2663 1604 2701 ii,
1615 2666 1658 2696 25
1692 2672 1862 2704 mos—pu-

1194 2710 1294 2748 tandi,
1317 2710 1403 2752 quod
1416 2708 1570 2751 optimum
1584 2707 1636 2745 sit,
1649 2715 1719 2738 esse
1731 2704 1864 2738 nobilis-

1195 2754 1305 2787 simum
1330 2754 1363 2791 ii,
1381 2755 1444 2786 128

1152 2796 1288 2840 Pythius
1303 2794 1453 2840 (Apollo)
1467 2791 1629 2836 respondit
1649 2791 1674 2831 i,
1686 2793 1709 2824 2
