2008 3210
630 235 675 268 c.
707 232 911 266 vanum
947 233 1256 266 muraneum.
1592 222 1680 267 489

210 331 313 378 1607
324 331 525 379 Velleius,
544 344 635 371 cum
656 330 758 373 notis
779 331 915 385 Lipsii,
935 329 1099 372 additus
1117 330 1279 370 Tacito.
1310 329 1549 382 Antverpiae,
1568 329 1677 383 apud

161 399 166 405 '
257 398 324 437 Jo.
344 397 555 437 Moratum.
573 396 659 437 1³01.

204 482 260 493 -—
274 461 463 502 Aldinum
483 468 650 509 textum,
671 475 789 514 quern
825 461 946 514 Lipsii
970 461 1163 501 editiones
1180 466 1475 507 revocaverant,
1504 459 1680 501 deseruit

257 526 396 566 iterum
416 527 541 567 Janus
560 527 757 566 Gruterus
774 540 785 572 ς
817 526 1032 579 Sylburgii,
1053 524 1255 577 Schegkii‚
1276 523 1528 577 Acidaliique
1547 538 1680 566 exem-

256 590 382 642 plum,
399 604 478 632 non
499 598 628 631 tamen
648 604 720 645 per
738 590 884 637 omnia,
905 597 1081 636 secutus,
1101 590 1168 629 sed
1183 603 1255 629 suo
1267 589 1399 641 potius
1407 589 1567 641 judicio
1585 603 1679 630 usus

256 654 487 708 scriptorem
506 656 556 696 ad
587 655 735 696 codicis
756 661 798 695 et
827 655 1011 695 editionis
1042 668 1101 706 pr.
1122 653 1242 694 fidem
1275 654 1479 694 restituere
1511 662 1679 695 conatus

253 726 330 760 est.
360 720 497 761 Edidit
514 722 765 762 Paterculum
782 733 874 760 cum
902 719 1150 761 eruditorum
1185 720 1381 760 variorum
1415 719 1521 760 notis
1557 725 1679 774 atque

255 786 347 833 suis,
369 787 631 827 Francot'urti.
654 786 771 831 1607.
791 785 852 827 16.
902 786 993 838 Ipse
1013 798 1142 838 pauca
1157 791 1310 824 tantum
1329 796 1421 824 vere
1437 785 1678 834 emendavit,

254 851 515 903 potissimum,
534 851 643 904 quod
665 852 876 891 obtrusum
889 850 1075 902 scriptori
1096 849 1320 896 videbatur,
1339 849 1556 890 resecando
1571 864 1583 897 ς
1612 851 1679 891 cui

251 916 412 956 sanandi
433 916 572 956 rationi
594 916 826 968 plerumque
844 915 1005 955 nimium
1026 928 1074 955 ac
1094 921 1238 956 temere
1256 914 1500 966 indulgebat.
1539 917 1678 956 Anno-

253 981 352 1021 tatio
368 988 499 1022 autem
517 982 668 1034 reliqua
686 983 725 1022 in
745 981 912 1034 politica
931 988 971 1021 et
989 981 1124 1021 ethica
1153 979 1397 1032 expositione
1427 980 1677 1032 potissimum

252 1053 444 1087 versatur.
473 1048 658 1088 Ceterum
678 1046 829 1099 primus
848 1045 988 1085 Velleii
1006 1045 1249 1098 opusculum
1269 1044 1308 1083 in
1328 1044 1463 1096 capita
1481 1044 1675 1086 distinxit.

203 1110 306 1152 1608
338 1113 524 1160 Velleius,
555 1125 646 1152 cum
667 1125 705 1151 n.
726 1125 829 1152 varr.
851 1111 1042 1158 Rhenani,
1065 1109 1229 1156 Burerii,
1257 1109 1445 1158 Manutii‚
1472 1110 1675 1164 Schegkii,

251 1176 391 1228 Lipsii,
408 1177 553 1225 Ursini,
572 1184 614 1217 et
631 1181 739 1229 (quae
757 1177 926 1229 primum
944 1175 1144 1228 prodiere)
1161 1173 1304 1215 Claud.
1321 1174 1500 1223 Puteuni,
1514 1175 1677 1216 additus

247 1241 390 1281 'l'aeito
406 1254 429 1281 a
448 1242 540 1282 Car.
560 1241 752 1281 Auberto.
773 1241 941 1288 Parisiis,
962 1241 1068 1293 apud
1090 1239 1311 1280 Chevalier.
1342 1238 1426 1280 Fol.
1446 1240 1540 1281 Vid.
1559 1255 1670 1296 supr.

250 1313 343 1359 post
359 1319 426 1346 an.
451 1304 566 1348 1568.

200 1369 305 1418 1609
331 1371 391 1411 Ex
427 1384 509 1412 rec.
526 1371 618 1413 Jani
653 1372 833 1419 Gruteri,
866 1371 968 1411 inter
998 1373 1222 1424 Scriptores
1244 1374 1416 1416 historiae
1436 1376 1554 1415 Rom.
1583 1374 1673 1414 Lat.

249 1449 274 1476 a
294 1437 398 1477 Patr.
418 1436 470 1477 de
502 1437 539 1477 la
571 1436 740 1477 Roviere
759 1436 890 1476 editos
919 1436 1091 1476 Aureliae
1124 1438 1277 1479 Allobr.
1299 1453 1332 1482 s.
1362 1442 1555 1481 Genevae.
1586 1439 1675 1479 Fol.

216 1527 225 1533 ι
248 1508 402 1543 etmox

198 1566 293 1608 1611
323 1568 430 1607 Inter
453 1567 680 1620 Scriptores
699 1567 873 1608 historiae
892 1570 1082 1621 Augustae
1101 1569 1194 1610 min.
1227 1584 1254 1610 a
1271 1571 1449 1612 Grutero
1478 1570 1568 1624 ipso
1600 1581 1671 1610 cu·

198 1660 202 1666 ,
245 1638 354 1673 ratos
374 1633 581 1673 Hanoviae.
604 1633 688 1673 Fol.

197 1696 304 1739 1614
329 1698 428 1738 Cum
450 1704 603 1738 annott.
624 1698 762 1751 Lipsii.
785 1699 1004 1739 Monacbii.
1025 1705 1087 1740 12.

196 1762 301 1804 1615
329 1763 374 1803 In
395 1763 588 1816 Epitomis
622 1763 797 1803 historiae
829 1764 946 1804 Rom.
974 1778 1023 1804 ex
1045 1763 1151 1804 offic.
1181 1762 1430 1805 plantiniana
1448 1764 1672 1818 Rapbelen-

242 1828 314 1881 gii.
338 1827 399 1869 16.

197 1892 301 1933 1620
329 1894 374 1933 Ρ.
395 1892 531 1933 velleii
562 1893 756 1933 Paterculi
775 1893 948 1934 historie
968 1894 1085 1934 Rom.
1099 1893 1207 1933 Libri
1228 1903 1281 1933 u.
1315 1907 1364 1933 ex
1384 1893 1613 1934 recensione
1632 1899 1674 1934 et

243 1970 332 1998 cum
354 1957 513 1998 scholiis
534 1960 687 1998 Auson.
708 1958 882 2010 Popmae.
899 1958 1169 2010 Franequerae.
1191 1958 1487 1999 12.—Textum
1507 1958 1674 1999 exbibet

245 2022 417 2075 praviter
434 2023 688 2071 recensitum,
724 2030 765 2063 ut
783 2024 889 2063 notis
907 2036 985 2063 non
1011 2022 1321 2071 contemnendis,
1355 2036 1448 2076 qua
1464 2023 1672 2064 chronolo-

241 2088 329 2139 gica
347 2094 388 2127 et
409 2087 593 2128 historica
612 2088 837 2140 explanant,
858 2088 1110 2128 instructum.

191 2152 294 2195 162³
324 2153 368 2192 ln
388 2153 623 2192 collectione
641 2153 884 2204 Scriptorum
905 2152 1080 2192 historiae
1101 2152 1218 2192 Rom.
1240 2152 1329 2192 Lat.
1347 2151 1588 2202 Genevansi‚
1606 2165 1671 2193 re·

240 2217 360 2268 petita
377 2230 425 2257 ex
444 2218 511 2257 illa
534 2216 650 2263 1609.
675 2217 756 2257 Fol.
871 2254 874 2255 γ

190 2281 294 2328 1627
323 2283 424 2322 Cum
443 2282 589 2322 Tacito
608 2283 748 2335 Lipsii.
772 2283 1012 2335 Antverpioe.
1034 2282 1381 2334 roh-Repetitio
1400 2281 1467 2322 ed.
1491 2282 1612 2328 1607.

194 2346 300 2389 1630
328 2346 437 2387 Inter
472 2347 647 2388 historin
685 2348 804 2388 Rom.
841 2348 1061 2402 Epitomas.
1128 2346 1429 2395 Amsfflodami,
1462 2348 1570 2401 apud
1602 2348 1669 2394 Jo,

237 2411 424 2452 Jansson.
447 2412 510 2453 16.

190 2475 292 2517 1632
322 2477 429 2516 lnter
447 2476 619 2516 historie
639 2479 832 2530 Augustae
864 2477 1087 2529 Scriptores
1106 2478 1192 2517 Lat.
1213 2477 1382 2517 minores
1401 2489 1427 2516 a
1446 2477 1505 2517 M.
1525 2477 1668 2518 Zuerio

242 2541 470 2580 Bosbornio
488 2541 616 2581 editos
634 2541 818 2594 Lugduni
840 2543 927 2584 But.
948 2549 972 2584 5
993 2542 1086 2582 voll.
1112 2542 1271 2584 12.-1s
1290 2547 1438 2582 textum
1459 2542 1673 2595 ferarepe-

243 2606 306 2646 tiit
326 2606 511 2653 eundem,
529 2619 651 2659 quem
671 2606 825 2659 Popma
845 2606 1100 2647 novissimum
1120 2606 1296 2653 dederat,
1318 2605 1496 2658 plurimis
1514 2605 1674 2660 iusuper

237 2671 536 2723 typothetarum
577 2670 774 2711 erroribus
811 2677 1042 2711 scatentem.
1112 2670 1282 2711 Notulas
1316 2669 1468 2721 adjecit
1504 2682 1668 2724 paucas,

235 2735 385 2788 easque
402 2735 653 2776 tumultuarie
681 2734 941 2788 conscriptus.

298 2800 392 2840 Plus
412 2800 582 2853 profecit
604 2800 830 2842 Paterculus
849 2814 872 2841 a
892 2799 1074 2841 Gerardo
1095 2801 1249 2849 Vossio,
1284 2801 1352 2854 qui
1371 2801 1578 2844 lectionem
1599 2815 1666 2843 an-

315 2863 430 2907 velpa.
447 2869 478 2898 ee
497 2865 573 2899 Ver.
589 2866 675 2900 ctae.
930 2865 1056 2902 varen.
1512 2870 1533 2900 2
1558 2867 1574 2900 1
